%YAML 1.1
%TAG !u! tag:unity3d.com,2011:
--- !u!1 &1873394589029022508
GameObject:
  m_ObjectHideFlags: 0
  m_CorrespondingSourceObject: {fileID: 0}
  m_PrefabInstance: {fileID: 0}
  m_PrefabAsset: {fileID: 0}
  serializedVersion: 6
  m_Component:
  - component: {fileID: 6646042145540982768}
  - component: {fileID: 3450035361410257360}
  m_Layer: 11
  m_Name: HeadFour
  m_TagString: Untagged
  m_Icon: {fileID: 0}
  m_NavMeshLayer: 0
  m_StaticEditorFlags: 0
  m_IsActive: 0
--- !u!4 &6646042145540982768
Transform:
  m_ObjectHideFlags: 0
  m_CorrespondingSourceObject: {fileID: 0}
  m_PrefabInstance: {fileID: 0}
  m_PrefabAsset: {fileID: 0}
  m_GameObject: {fileID: 1873394589029022508}
  m_LocalRotation: {x: -0, y: -0, z: -0, w: 1}
  m_LocalPosition: {x: 0, y: 0, z: 0}
  m_LocalScale: {x: 1, y: 1, z: 1}
  m_Children:
  - {fileID: 3446424058198459957}
  m_Father: {fileID: 2414555429513509043}
  m_RootOrder: 0
  m_LocalEulerAnglesHint: {x: 0, y: 0, z: 0}
--- !u!114 &3450035361410257360
MonoBehaviour:
  m_ObjectHideFlags: 0
  m_CorrespondingSourceObject: {fileID: 0}
  m_PrefabInstance: {fileID: 0}
  m_PrefabAsset: {fileID: 0}
  m_GameObject: {fileID: 1873394589029022508}
  m_Enabled: 1
  m_EditorHideFlags: 0
  m_Script: {fileID: 11500000, guid: f7cafe6acdf4ab144a86c2b01ebb0f77, type: 3}
  m_Name: 
  m_EditorClassIdentifier: 
  mainCameraTransform: {fileID: 0}
--- !u!1 &2074146362444524287
GameObject:
  m_ObjectHideFlags: 0
  m_CorrespondingSourceObject: {fileID: 0}
  m_PrefabInstance: {fileID: 0}
  m_PrefabAsset: {fileID: 0}
  serializedVersion: 6
  m_Component:
  - component: {fileID: 275815199955482156}
  - component: {fileID: 2871259205279989170}
  m_Layer: 11
  m_Name: HeadTwo
  m_TagString: Untagged
  m_Icon: {fileID: 0}
  m_NavMeshLayer: 0
  m_StaticEditorFlags: 0
  m_IsActive: 0
--- !u!4 &275815199955482156
Transform:
  m_ObjectHideFlags: 0
  m_CorrespondingSourceObject: {fileID: 0}
  m_PrefabInstance: {fileID: 0}
  m_PrefabAsset: {fileID: 0}
  m_GameObject: {fileID: 2074146362444524287}
  m_LocalRotation: {x: 0, y: 0, z: 0, w: 1}
  m_LocalPosition: {x: 0, y: 0, z: 0}
  m_LocalScale: {x: 1, y: 1, z: 1}
  m_Children:
  - {fileID: 5690856197823597304}
  m_Father: {fileID: 2414555429513509043}
  m_RootOrder: 2
  m_LocalEulerAnglesHint: {x: 0, y: 0, z: 0}
--- !u!114 &2871259205279989170
MonoBehaviour:
  m_ObjectHideFlags: 0
  m_CorrespondingSourceObject: {fileID: 0}
  m_PrefabInstance: {fileID: 0}
  m_PrefabAsset: {fileID: 0}
  m_GameObject: {fileID: 2074146362444524287}
  m_Enabled: 1
  m_EditorHideFlags: 0
  m_Script: {fileID: 11500000, guid: f7cafe6acdf4ab144a86c2b01ebb0f77, type: 3}
  m_Name: 
  m_EditorClassIdentifier: 
  mainCameraTransform: {fileID: 0}
--- !u!1 &2414555429513509044
GameObject:
  m_ObjectHideFlags: 0
  m_CorrespondingSourceObject: {fileID: 0}
  m_PrefabInstance: {fileID: 0}
  m_PrefabAsset: {fileID: 0}
  serializedVersion: 6
  m_Component:
  - component: {fileID: 2414555429513509043}
  - component: {fileID: 2414555429513509046}
  - component: {fileID: 2414555429513509047}
  - component: {fileID: 8876875888857871379}
  - component: {fileID: -2291181992037350856}
  - component: {fileID: 2288512659377200740}
  - component: {fileID: 6439895974670357343}
  m_Layer: 11
  m_Name: Customer
  m_TagString: Untagged
  m_Icon: {fileID: 0}
  m_NavMeshLayer: 0
  m_StaticEditorFlags: 0
  m_IsActive: 1
--- !u!4 &2414555429513509043
Transform:
  m_ObjectHideFlags: 0
  m_CorrespondingSourceObject: {fileID: 0}
  m_PrefabInstance: {fileID: 0}
  m_PrefabAsset: {fileID: 0}
  m_GameObject: {fileID: 2414555429513509044}
  m_LocalRotation: {x: 0, y: 0, z: 0, w: 1}
  m_LocalPosition: {x: -5.5, y: 0.25, z: 6.4}
  m_LocalScale: {x: 1, y: 1, z: 1}
  m_Children:
  - {fileID: 6646042145540982768}
  - {fileID: 8547683923948409407}
  - {fileID: 275815199955482156}
  - {fileID: 2954741399374610766}
  - {fileID: 4116866480580905007}
  m_Father: {fileID: 0}
  m_RootOrder: 0
  m_LocalEulerAnglesHint: {x: 0, y: 0, z: 0}
--- !u!136 &2414555429513509046
CapsuleCollider:
  m_ObjectHideFlags: 0
  m_CorrespondingSourceObject: {fileID: 0}
  m_PrefabInstance: {fileID: 0}
  m_PrefabAsset: {fileID: 0}
  m_GameObject: {fileID: 2414555429513509044}
  m_Material: {fileID: 0}
  m_IsTrigger: 0
  m_Enabled: 1
  m_Radius: 0.5
  m_Height: 2
  m_Direction: 1
  m_Center: {x: 0, y: 0, z: 0}
--- !u!114 &2414555429513509047
MonoBehaviour:
  m_ObjectHideFlags: 0
  m_CorrespondingSourceObject: {fileID: 0}
  m_PrefabInstance: {fileID: 0}
  m_PrefabAsset: {fileID: 0}
  m_GameObject: {fileID: 2414555429513509044}
  m_Enabled: 1
  m_EditorHideFlags: 0
  m_Script: {fileID: 11500000, guid: ae25ffc3859afd245b96ba03d7f1b706, type: 3}
  m_Name: 
  m_EditorClassIdentifier: 
  dirtyPartPool: {fileID: 0}
  customerEndPoints: []
  goalNumber: 2
  timeSpentAtGoal: 3
  navMeshAgent: {fileID: 8876875888857871379}
  onClientLeaveCheckout: {fileID: 11400000, guid: 7dd7b7a38851bd5449467376d727e20d,
    type: 2}
  checkoutManager: {fileID: 0}
  checkoutIndex: 0
  minTimeSpawnOopsies: 0
  maxTimeSpawnOopsies: 0
  foodNumber: 0
  happinessMultiplier: 3
  smiley: {fileID: 6439895974670357343}
  onCustomerLeaveCheckout: {fileID: 11400000, guid: 7dd7b7a38851bd5449467376d727e20d,
    type: 2}
  onScoreChanged: {fileID: 11400000, guid: e4bd06b27b5180e4eb40817db05e60ca, type: 2}
  myAnimator: {fileID: 4116866480571216711}
--- !u!195 &8876875888857871379
NavMeshAgent:
  m_ObjectHideFlags: 0
  m_CorrespondingSourceObject: {fileID: 0}
  m_PrefabInstance: {fileID: 0}
  m_PrefabAsset: {fileID: 0}
  m_GameObject: {fileID: 2414555429513509044}
  m_Enabled: 1
  m_AgentTypeID: 0
  m_Radius: 0.5
  m_Speed: 3.5
  m_Acceleration: 8
  avoidancePriority: 50
  m_AngularSpeed: 1000
  m_StoppingDistance: 2
  m_AutoTraverseOffMeshLink: 1
  m_AutoBraking: 0
  m_AutoRepath: 1
  m_Height: 2
  m_BaseOffset: 1
  m_WalkableMask: 4294967295
  m_ObstacleAvoidanceType: 4
--- !u!114 &-2291181992037350856
MonoBehaviour:
  m_ObjectHideFlags: 0
  m_CorrespondingSourceObject: {fileID: 0}
  m_PrefabInstance: {fileID: 0}
  m_PrefabAsset: {fileID: 0}
  m_GameObject: {fileID: 2414555429513509044}
  m_Enabled: 1
  m_EditorHideFlags: 0
  m_Script: {fileID: 11500000, guid: 83e7b551f34f7944b8a99084419a8ed2, type: 3}
  m_Name: 
  m_EditorClassIdentifier: 
  fsVoidEventSo: {fileID: 11400000, guid: bff69ca537924cd45a53424b14bac250, type: 2}
  listeners:
    m_PersistentCalls:
      m_Calls:
      - m_Target: {fileID: 2414555429513509047}
        m_MethodName: OnUpdateGameStarted
        m_Mode: 1
        m_Arguments:
          m_ObjectArgument: {fileID: 0}
          m_ObjectArgumentAssemblyTypeName: UnityEngine.Object, UnityEngine
          m_IntArgument: 0
          m_FloatArgument: 0
          m_StringArgument: 
          m_BoolArgument: 0
        m_CallState: 2
--- !u!54 &2288512659377200740
Rigidbody:
  m_ObjectHideFlags: 0
  m_CorrespondingSourceObject: {fileID: 0}
  m_PrefabInstance: {fileID: 0}
  m_PrefabAsset: {fileID: 0}
  m_GameObject: {fileID: 2414555429513509044}
  serializedVersion: 2
  m_Mass: 1
  m_Drag: 0
  m_AngularDrag: 0.05
  m_UseGravity: 0
  m_IsKinematic: 0
  m_Interpolate: 0
  m_Constraints: 126
  m_CollisionDetection: 0
--- !u!114 &6439895974670357343
MonoBehaviour:
  m_ObjectHideFlags: 0
  m_CorrespondingSourceObject: {fileID: 0}
  m_PrefabInstance: {fileID: 0}
  m_PrefabAsset: {fileID: 0}
  m_GameObject: {fileID: 2414555429513509044}
  m_Enabled: 1
  m_EditorHideFlags: 0
  m_Script: {fileID: 11500000, guid: d7586b082c9a9e449bb50d90b5ad4192, type: 3}
  m_Name: 
  m_EditorClassIdentifier: 
  faces:
  - {fileID: 1873394589029022508}
  - {fileID: 5494313961832425450}
  - {fileID: 2074146362444524287}
  - {fileID: 8742776681762522418}
--- !u!1 &5494313961832425450
GameObject:
  m_ObjectHideFlags: 0
  m_CorrespondingSourceObject: {fileID: 0}
  m_PrefabInstance: {fileID: 0}
  m_PrefabAsset: {fileID: 0}
  serializedVersion: 6
  m_Component:
  - component: {fileID: 8547683923948409407}
  - component: {fileID: 2885968897896821219}
  m_Layer: 11
  m_Name: HeadThree
  m_TagString: Untagged
  m_Icon: {fileID: 0}
  m_NavMeshLayer: 0
  m_StaticEditorFlags: 0
  m_IsActive: 0
--- !u!4 &8547683923948409407
Transform:
  m_ObjectHideFlags: 0
  m_CorrespondingSourceObject: {fileID: 0}
  m_PrefabInstance: {fileID: 0}
  m_PrefabAsset: {fileID: 0}
  m_GameObject: {fileID: 5494313961832425450}
  m_LocalRotation: {x: 0, y: 0, z: 0, w: 1}
  m_LocalPosition: {x: 0, y: 0, z: 0}
  m_LocalScale: {x: 1, y: 1, z: 1}
  m_Children:
  - {fileID: 3772139911499154484}
  m_Father: {fileID: 2414555429513509043}
  m_RootOrder: 1
  m_LocalEulerAnglesHint: {x: 0, y: 0, z: 0}
--- !u!114 &2885968897896821219
MonoBehaviour:
  m_ObjectHideFlags: 0
  m_CorrespondingSourceObject: {fileID: 0}
  m_PrefabInstance: {fileID: 0}
  m_PrefabAsset: {fileID: 0}
  m_GameObject: {fileID: 5494313961832425450}
  m_Enabled: 1
  m_EditorHideFlags: 0
  m_Script: {fileID: 11500000, guid: f7cafe6acdf4ab144a86c2b01ebb0f77, type: 3}
  m_Name: 
  m_EditorClassIdentifier: 
  mainCameraTransform: {fileID: 0}
--- !u!1 &8742776681762522418
GameObject:
  m_ObjectHideFlags: 0
  m_CorrespondingSourceObject: {fileID: 0}
  m_PrefabInstance: {fileID: 0}
  m_PrefabAsset: {fileID: 0}
  serializedVersion: 6
  m_Component:
  - component: {fileID: 2954741399374610766}
  - component: {fileID: 2066841213912262525}
  m_Layer: 11
  m_Name: HeadOne
  m_TagString: Untagged
  m_Icon: {fileID: 0}
  m_NavMeshLayer: 0
  m_StaticEditorFlags: 0
  m_IsActive: 1
--- !u!4 &2954741399374610766
Transform:
  m_ObjectHideFlags: 0
  m_CorrespondingSourceObject: {fileID: 0}
  m_PrefabInstance: {fileID: 0}
  m_PrefabAsset: {fileID: 0}
  m_GameObject: {fileID: 8742776681762522418}
  m_LocalRotation: {x: 0, y: 0, z: 0, w: 1}
  m_LocalPosition: {x: 0, y: 0, z: 0}
  m_LocalScale: {x: 1, y: 1, z: 1}
  m_Children:
  - {fileID: 2970597296351633520}
  m_Father: {fileID: 2414555429513509043}
  m_RootOrder: 3
  m_LocalEulerAnglesHint: {x: 0, y: 0, z: 0}
--- !u!114 &2066841213912262525
MonoBehaviour:
  m_ObjectHideFlags: 0
  m_CorrespondingSourceObject: {fileID: 0}
  m_PrefabInstance: {fileID: 0}
  m_PrefabAsset: {fileID: 0}
  m_GameObject: {fileID: 8742776681762522418}
  m_Enabled: 1
  m_EditorHideFlags: 0
  m_Script: {fileID: 11500000, guid: f7cafe6acdf4ab144a86c2b01ebb0f77, type: 3}
  m_Name: 
  m_EditorClassIdentifier: 
  mainCameraTransform: {fileID: 0}
--- !u!1001 &2965652123722844326
PrefabInstance:
  m_ObjectHideFlags: 0
  serializedVersion: 2
  m_Modification:
    m_TransformParent: {fileID: 2954741399374610766}
    m_Modifications:
    - target: {fileID: 1682835478704598, guid: f09447bfeb9e6474cb5621e5ad1c9c69, type: 3}
      propertyPath: m_Name
      value: 02_lo
      objectReference: {fileID: 0}
    - target: {fileID: 1682835478704598, guid: f09447bfeb9e6474cb5621e5ad1c9c69, type: 3}
      propertyPath: m_IsActive
      value: 1
      objectReference: {fileID: 0}
    - target: {fileID: 4981218682890454, guid: f09447bfeb9e6474cb5621e5ad1c9c69, type: 3}
      propertyPath: m_RootOrder
      value: 0
      objectReference: {fileID: 0}
    - target: {fileID: 4981218682890454, guid: f09447bfeb9e6474cb5621e5ad1c9c69, type: 3}
      propertyPath: m_LocalScale.x
      value: 0.4
      objectReference: {fileID: 0}
    - target: {fileID: 4981218682890454, guid: f09447bfeb9e6474cb5621e5ad1c9c69, type: 3}
      propertyPath: m_LocalScale.y
      value: 0.4
      objectReference: {fileID: 0}
    - target: {fileID: 4981218682890454, guid: f09447bfeb9e6474cb5621e5ad1c9c69, type: 3}
      propertyPath: m_LocalScale.z
      value: 0.4
      objectReference: {fileID: 0}
    - target: {fileID: 4981218682890454, guid: f09447bfeb9e6474cb5621e5ad1c9c69, type: 3}
      propertyPath: m_LocalPosition.x
      value: 0
      objectReference: {fileID: 0}
    - target: {fileID: 4981218682890454, guid: f09447bfeb9e6474cb5621e5ad1c9c69, type: 3}
      propertyPath: m_LocalPosition.y
      value: 1.554
      objectReference: {fileID: 0}
    - target: {fileID: 4981218682890454, guid: f09447bfeb9e6474cb5621e5ad1c9c69, type: 3}
      propertyPath: m_LocalPosition.z
      value: 0
      objectReference: {fileID: 0}
    - target: {fileID: 4981218682890454, guid: f09447bfeb9e6474cb5621e5ad1c9c69, type: 3}
      propertyPath: m_LocalRotation.w
      value: 1
      objectReference: {fileID: 0}
    - target: {fileID: 4981218682890454, guid: f09447bfeb9e6474cb5621e5ad1c9c69, type: 3}
      propertyPath: m_LocalRotation.x
      value: 0
      objectReference: {fileID: 0}
    - target: {fileID: 4981218682890454, guid: f09447bfeb9e6474cb5621e5ad1c9c69, type: 3}
      propertyPath: m_LocalRotation.y
      value: 0
      objectReference: {fileID: 0}
    - target: {fileID: 4981218682890454, guid: f09447bfeb9e6474cb5621e5ad1c9c69, type: 3}
      propertyPath: m_LocalRotation.z
      value: 0
      objectReference: {fileID: 0}
    - target: {fileID: 4981218682890454, guid: f09447bfeb9e6474cb5621e5ad1c9c69, type: 3}
      propertyPath: m_LocalEulerAnglesHint.x
      value: 0
      objectReference: {fileID: 0}
    - target: {fileID: 4981218682890454, guid: f09447bfeb9e6474cb5621e5ad1c9c69, type: 3}
      propertyPath: m_LocalEulerAnglesHint.y
      value: 0
      objectReference: {fileID: 0}
    - target: {fileID: 4981218682890454, guid: f09447bfeb9e6474cb5621e5ad1c9c69, type: 3}
      propertyPath: m_LocalEulerAnglesHint.z
      value: 0
      objectReference: {fileID: 0}
    m_RemovedComponents: []
  m_SourcePrefab: {fileID: 100100000, guid: f09447bfeb9e6474cb5621e5ad1c9c69, type: 3}
--- !u!4 &2970597296351633520 stripped
Transform:
  m_CorrespondingSourceObject: {fileID: 4981218682890454, guid: f09447bfeb9e6474cb5621e5ad1c9c69,
    type: 3}
  m_PrefabInstance: {fileID: 2965652123722844326}
  m_PrefabAsset: {fileID: 0}
--- !u!1001 &3448198709208673343
PrefabInstance:
  m_ObjectHideFlags: 0
  serializedVersion: 2
  m_Modification:
    m_TransformParent: {fileID: 6646042145540982768}
    m_Modifications:
    - target: {fileID: 1062275618679620, guid: 36ec010e58155ac47999a5d2c11ac3b3, type: 3}
      propertyPath: m_Name
      value: 19_lo
      objectReference: {fileID: 0}
    - target: {fileID: 1062275618679620, guid: 36ec010e58155ac47999a5d2c11ac3b3, type: 3}
      propertyPath: m_IsActive
      value: 1
      objectReference: {fileID: 0}
    - target: {fileID: 4044137700551178, guid: 36ec010e58155ac47999a5d2c11ac3b3, type: 3}
      propertyPath: m_RootOrder
      value: 0
      objectReference: {fileID: 0}
    - target: {fileID: 4044137700551178, guid: 36ec010e58155ac47999a5d2c11ac3b3, type: 3}
      propertyPath: m_LocalScale.x
      value: 0.4
      objectReference: {fileID: 0}
    - target: {fileID: 4044137700551178, guid: 36ec010e58155ac47999a5d2c11ac3b3, type: 3}
      propertyPath: m_LocalScale.y
      value: 0.4
      objectReference: {fileID: 0}
    - target: {fileID: 4044137700551178, guid: 36ec010e58155ac47999a5d2c11ac3b3, type: 3}
      propertyPath: m_LocalScale.z
      value: 0.4
      objectReference: {fileID: 0}
    - target: {fileID: 4044137700551178, guid: 36ec010e58155ac47999a5d2c11ac3b3, type: 3}
      propertyPath: m_LocalPosition.x
      value: 0
      objectReference: {fileID: 0}
    - target: {fileID: 4044137700551178, guid: 36ec010e58155ac47999a5d2c11ac3b3, type: 3}
      propertyPath: m_LocalPosition.y
      value: 1.554
      objectReference: {fileID: 0}
    - target: {fileID: 4044137700551178, guid: 36ec010e58155ac47999a5d2c11ac3b3, type: 3}
      propertyPath: m_LocalPosition.z
      value: 0
      objectReference: {fileID: 0}
    - target: {fileID: 4044137700551178, guid: 36ec010e58155ac47999a5d2c11ac3b3, type: 3}
      propertyPath: m_LocalRotation.w
      value: 0.7071068
      objectReference: {fileID: 0}
    - target: {fileID: 4044137700551178, guid: 36ec010e58155ac47999a5d2c11ac3b3, type: 3}
      propertyPath: m_LocalRotation.x
      value: -0.7071068
      objectReference: {fileID: 0}
    - target: {fileID: 4044137700551178, guid: 36ec010e58155ac47999a5d2c11ac3b3, type: 3}
      propertyPath: m_LocalRotation.y
      value: 0
      objectReference: {fileID: 0}
    - target: {fileID: 4044137700551178, guid: 36ec010e58155ac47999a5d2c11ac3b3, type: 3}
      propertyPath: m_LocalRotation.z
      value: 0
      objectReference: {fileID: 0}
    - target: {fileID: 4044137700551178, guid: 36ec010e58155ac47999a5d2c11ac3b3, type: 3}
      propertyPath: m_LocalEulerAnglesHint.x
      value: -90
      objectReference: {fileID: 0}
    - target: {fileID: 4044137700551178, guid: 36ec010e58155ac47999a5d2c11ac3b3, type: 3}
      propertyPath: m_LocalEulerAnglesHint.y
      value: 0
      objectReference: {fileID: 0}
    - target: {fileID: 4044137700551178, guid: 36ec010e58155ac47999a5d2c11ac3b3, type: 3}
      propertyPath: m_LocalEulerAnglesHint.z
      value: 0
      objectReference: {fileID: 0}
    m_RemovedComponents: []
  m_SourcePrefab: {fileID: 100100000, guid: 36ec010e58155ac47999a5d2c11ac3b3, type: 3}
--- !u!4 &3446424058198459957 stripped
Transform:
  m_CorrespondingSourceObject: {fileID: 4044137700551178, guid: 36ec010e58155ac47999a5d2c11ac3b3,
    type: 3}
  m_PrefabInstance: {fileID: 3448198709208673343}
  m_PrefabAsset: {fileID: 0}
--- !u!1001 &3767679093943927252
PrefabInstance:
  m_ObjectHideFlags: 0
  serializedVersion: 2
  m_Modification:
    m_TransformParent: {fileID: 8547683923948409407}
    m_Modifications:
    - target: {fileID: 1770481651527228, guid: c9bdf5fb2f95cc24c9f42341fe4c77a2, type: 3}
      propertyPath: m_Name
      value: 12_lo
      objectReference: {fileID: 0}
    - target: {fileID: 1770481651527228, guid: c9bdf5fb2f95cc24c9f42341fe4c77a2, type: 3}
      propertyPath: m_IsActive
      value: 1
      objectReference: {fileID: 0}
    - target: {fileID: 4549156576855520, guid: c9bdf5fb2f95cc24c9f42341fe4c77a2, type: 3}
      propertyPath: m_RootOrder
      value: 0
      objectReference: {fileID: 0}
    - target: {fileID: 4549156576855520, guid: c9bdf5fb2f95cc24c9f42341fe4c77a2, type: 3}
      propertyPath: m_LocalScale.x
      value: 0.4
      objectReference: {fileID: 0}
    - target: {fileID: 4549156576855520, guid: c9bdf5fb2f95cc24c9f42341fe4c77a2, type: 3}
      propertyPath: m_LocalScale.y
      value: 0.4
      objectReference: {fileID: 0}
    - target: {fileID: 4549156576855520, guid: c9bdf5fb2f95cc24c9f42341fe4c77a2, type: 3}
      propertyPath: m_LocalScale.z
      value: 0.4
      objectReference: {fileID: 0}
    - target: {fileID: 4549156576855520, guid: c9bdf5fb2f95cc24c9f42341fe4c77a2, type: 3}
      propertyPath: m_LocalPosition.x
      value: 0
      objectReference: {fileID: 0}
    - target: {fileID: 4549156576855520, guid: c9bdf5fb2f95cc24c9f42341fe4c77a2, type: 3}
      propertyPath: m_LocalPosition.y
      value: 1.554
      objectReference: {fileID: 0}
    - target: {fileID: 4549156576855520, guid: c9bdf5fb2f95cc24c9f42341fe4c77a2, type: 3}
      propertyPath: m_LocalPosition.z
      value: 0
      objectReference: {fileID: 0}
    - target: {fileID: 4549156576855520, guid: c9bdf5fb2f95cc24c9f42341fe4c77a2, type: 3}
      propertyPath: m_LocalRotation.w
      value: 0.7071068
      objectReference: {fileID: 0}
    - target: {fileID: 4549156576855520, guid: c9bdf5fb2f95cc24c9f42341fe4c77a2, type: 3}
      propertyPath: m_LocalRotation.x
      value: -0.7071068
      objectReference: {fileID: 0}
    - target: {fileID: 4549156576855520, guid: c9bdf5fb2f95cc24c9f42341fe4c77a2, type: 3}
      propertyPath: m_LocalRotation.y
      value: 0
      objectReference: {fileID: 0}
    - target: {fileID: 4549156576855520, guid: c9bdf5fb2f95cc24c9f42341fe4c77a2, type: 3}
      propertyPath: m_LocalRotation.z
      value: 0
      objectReference: {fileID: 0}
    - target: {fileID: 4549156576855520, guid: c9bdf5fb2f95cc24c9f42341fe4c77a2, type: 3}
      propertyPath: m_LocalEulerAnglesHint.x
      value: -90
      objectReference: {fileID: 0}
    - target: {fileID: 4549156576855520, guid: c9bdf5fb2f95cc24c9f42341fe4c77a2, type: 3}
      propertyPath: m_LocalEulerAnglesHint.y
      value: 0
      objectReference: {fileID: 0}
    - target: {fileID: 4549156576855520, guid: c9bdf5fb2f95cc24c9f42341fe4c77a2, type: 3}
      propertyPath: m_LocalEulerAnglesHint.z
      value: 0
      objectReference: {fileID: 0}
    m_RemovedComponents: []
  m_SourcePrefab: {fileID: 100100000, guid: c9bdf5fb2f95cc24c9f42341fe4c77a2, type: 3}
--- !u!4 &3772139911499154484 stripped
Transform:
  m_CorrespondingSourceObject: {fileID: 4549156576855520, guid: c9bdf5fb2f95cc24c9f42341fe4c77a2,
    type: 3}
  m_PrefabInstance: {fileID: 3767679093943927252}
  m_PrefabAsset: {fileID: 0}
--- !u!1001 &4116866480580767321
PrefabInstance:
  m_ObjectHideFlags: 0
  serializedVersion: 2
  m_Modification:
    m_TransformParent: {fileID: 2414555429513509043}
    m_Modifications:
    - target: {fileID: 100288, guid: 20b7208fcb17e504b913a59a09391dfd, type: 3}
      propertyPath: m_Name
      value: Angel Male 01
      objectReference: {fileID: 0}
    - target: {fileID: 419446, guid: 20b7208fcb17e504b913a59a09391dfd, type: 3}
      propertyPath: m_RootOrder
      value: 4
      objectReference: {fileID: 0}
    - target: {fileID: 419446, guid: 20b7208fcb17e504b913a59a09391dfd, type: 3}
      propertyPath: m_LocalPosition.x
      value: 0
      objectReference: {fileID: 0}
    - target: {fileID: 419446, guid: 20b7208fcb17e504b913a59a09391dfd, type: 3}
      propertyPath: m_LocalPosition.y
      value: -0.79
      objectReference: {fileID: 0}
    - target: {fileID: 419446, guid: 20b7208fcb17e504b913a59a09391dfd, type: 3}
      propertyPath: m_LocalPosition.z
      value: 0
      objectReference: {fileID: 0}
    - target: {fileID: 419446, guid: 20b7208fcb17e504b913a59a09391dfd, type: 3}
      propertyPath: m_LocalRotation.w
      value: 1
      objectReference: {fileID: 0}
    - target: {fileID: 419446, guid: 20b7208fcb17e504b913a59a09391dfd, type: 3}
      propertyPath: m_LocalRotation.x
      value: 0
      objectReference: {fileID: 0}
    - target: {fileID: 419446, guid: 20b7208fcb17e504b913a59a09391dfd, type: 3}
      propertyPath: m_LocalRotation.y
      value: 0
      objectReference: {fileID: 0}
    - target: {fileID: 419446, guid: 20b7208fcb17e504b913a59a09391dfd, type: 3}
      propertyPath: m_LocalRotation.z
      value: 0
      objectReference: {fileID: 0}
    - target: {fileID: 419446, guid: 20b7208fcb17e504b913a59a09391dfd, type: 3}
      propertyPath: m_LocalEulerAnglesHint.x
      value: 0
      objectReference: {fileID: 0}
    - target: {fileID: 419446, guid: 20b7208fcb17e504b913a59a09391dfd, type: 3}
      propertyPath: m_LocalEulerAnglesHint.y
      value: 0
      objectReference: {fileID: 0}
    - target: {fileID: 419446, guid: 20b7208fcb17e504b913a59a09391dfd, type: 3}
      propertyPath: m_LocalEulerAnglesHint.z
      value: 0
      objectReference: {fileID: 0}
    m_RemovedComponents: []
  m_SourcePrefab: {fileID: 100100000, guid: 20b7208fcb17e504b913a59a09391dfd, type: 3}
--- !u!4 &4116866480580905007 stripped
Transform:
  m_CorrespondingSourceObject: {fileID: 419446, guid: 20b7208fcb17e504b913a59a09391dfd,
    type: 3}
  m_PrefabInstance: {fileID: 4116866480580767321}
  m_PrefabAsset: {fileID: 0}
--- !u!95 &4116866480571216711 stripped
Animator:
  m_CorrespondingSourceObject: {fileID: 9592094, guid: 20b7208fcb17e504b913a59a09391dfd,
    type: 3}
  m_PrefabInstance: {fileID: 4116866480580767321}
  m_PrefabAsset: {fileID: 0}
--- !u!1001 &5685947928411196374
PrefabInstance:
  m_ObjectHideFlags: 0
  serializedVersion: 2
  m_Modification:
    m_TransformParent: {fileID: 275815199955482156}
    m_Modifications:
    - target: {fileID: 1330625262367814, guid: e675710d128f5b345ab6ccdffa5488bd, type: 3}
      propertyPath: m_Name
      value: 06_lo
      objectReference: {fileID: 0}
    - target: {fileID: 1330625262367814, guid: e675710d128f5b345ab6ccdffa5488bd, type: 3}
      propertyPath: m_IsActive
      value: 1
      objectReference: {fileID: 0}
    - target: {fileID: 4908273850007854, guid: e675710d128f5b345ab6ccdffa5488bd, type: 3}
      propertyPath: m_RootOrder
      value: 0
      objectReference: {fileID: 0}
    - target: {fileID: 4908273850007854, guid: e675710d128f5b345ab6ccdffa5488bd, type: 3}
      propertyPath: m_LocalScale.x
      value: 0.4
      objectReference: {fileID: 0}
    - target: {fileID: 4908273850007854, guid: e675710d128f5b345ab6ccdffa5488bd, type: 3}
      propertyPath: m_LocalScale.y
      value: 0.4
      objectReference: {fileID: 0}
    - target: {fileID: 4908273850007854, guid: e675710d128f5b345ab6ccdffa5488bd, type: 3}
      propertyPath: m_LocalScale.z
      value: 0.4
      objectReference: {fileID: 0}
    - target: {fileID: 4908273850007854, guid: e675710d128f5b345ab6ccdffa5488bd, type: 3}
      propertyPath: m_LocalPosition.x
      value: 0
      objectReference: {fileID: 0}
    - target: {fileID: 4908273850007854, guid: e675710d128f5b345ab6ccdffa5488bd, type: 3}
      propertyPath: m_LocalPosition.y
      value: 1.5540001
      objectReference: {fileID: 0}
    - target: {fileID: 4908273850007854, guid: e675710d128f5b345ab6ccdffa5488bd, type: 3}
      propertyPath: m_LocalPosition.z
      value: 0.00000047683716
      objectReference: {fileID: 0}
    - target: {fileID: 4908273850007854, guid: e675710d128f5b345ab6ccdffa5488bd, type: 3}
      propertyPath: m_LocalRotation.w
      value: 0.7071068
      objectReference: {fileID: 0}
    - target: {fileID: 4908273850007854, guid: e675710d128f5b345ab6ccdffa5488bd, type: 3}
      propertyPath: m_LocalRotation.x
      value: -0.7071068
      objectReference: {fileID: 0}
    - target: {fileID: 4908273850007854, guid: e675710d128f5b345ab6ccdffa5488bd, type: 3}
      propertyPath: m_LocalRotation.y
      value: 0
      objectReference: {fileID: 0}
    - target: {fileID: 4908273850007854, guid: e675710d128f5b345ab6ccdffa5488bd, type: 3}
      propertyPath: m_LocalRotation.z
      value: 0
      objectReference: {fileID: 0}
    - target: {fileID: 4908273850007854, guid: e675710d128f5b345ab6ccdffa5488bd, type: 3}
      propertyPath: m_LocalEulerAnglesHint.x
      value: -90
      objectReference: {fileID: 0}
    - target: {fileID: 4908273850007854, guid: e675710d128f5b345ab6ccdffa5488bd, type: 3}
      propertyPath: m_LocalEulerAnglesHint.y
      value: 0
      objectReference: {fileID: 0}
    - target: {fileID: 4908273850007854, guid: e675710d128f5b345ab6ccdffa5488bd, type: 3}
      propertyPath: m_LocalEulerAnglesHint.z
      value: 0
      objectReference: {fileID: 0}
    m_RemovedComponents: []
  m_SourcePrefab: {fileID: 100100000, guid: e675710d128f5b345ab6ccdffa5488bd, type: 3}
--- !u!4 &5690856197823597304 stripped
Transform:
  m_CorrespondingSourceObject: {fileID: 4908273850007854, guid: e675710d128f5b345ab6ccdffa5488bd,
    type: 3}
  m_PrefabInstance: {fileID: 5685947928411196374}
  m_PrefabAsset: {fileID: 0}
