%YAML 1.1
%TAG !u! tag:unity3d.com,2011:
--- !u!29 &1
OcclusionCullingSettings:
  m_ObjectHideFlags: 0
  serializedVersion: 2
  m_OcclusionBakeSettings:
    smallestOccluder: 5
    smallestHole: 0.25
    backfaceThreshold: 100
  m_SceneGUID: 00000000000000000000000000000000
  m_OcclusionCullingData: {fileID: 0}
--- !u!104 &2
RenderSettings:
  m_ObjectHideFlags: 0
  serializedVersion: 9
  m_Fog: 0
  m_FogColor: {r: 0.5, g: 0.5, b: 0.5, a: 1}
  m_FogMode: 3
  m_FogDensity: 0.01
  m_LinearFogStart: 0
  m_LinearFogEnd: 300
  m_AmbientSkyColor: {r: 0.212, g: 0.227, b: 0.259, a: 1}
  m_AmbientEquatorColor: {r: 0.114, g: 0.125, b: 0.133, a: 1}
  m_AmbientGroundColor: {r: 0.047, g: 0.043, b: 0.035, a: 1}
  m_AmbientIntensity: 1
  m_AmbientMode: 0
  m_SubtractiveShadowColor: {r: 0.42, g: 0.478, b: 0.627, a: 1}
  m_SkyboxMaterial: {fileID: 10304, guid: 0000000000000000f000000000000000, type: 0}
  m_HaloStrength: 0.5
  m_FlareStrength: 1
  m_FlareFadeSpeed: 3
  m_HaloTexture: {fileID: 0}
  m_SpotCookie: {fileID: 10001, guid: 0000000000000000e000000000000000, type: 0}
  m_DefaultReflectionMode: 0
  m_DefaultReflectionResolution: 128
  m_ReflectionBounces: 1
  m_ReflectionIntensity: 1
  m_CustomReflection: {fileID: 0}
  m_Sun: {fileID: 0}
  m_IndirectSpecularColor: {r: 0, g: 0, b: 0, a: 1}
  m_UseRadianceAmbientProbe: 0
--- !u!157 &3
LightmapSettings:
  m_ObjectHideFlags: 0
  serializedVersion: 11
  m_GIWorkflowMode: 1
  m_GISettings:
    serializedVersion: 2
    m_BounceScale: 1
    m_IndirectOutputScale: 1
    m_AlbedoBoost: 1
    m_EnvironmentLightingMode: 0
    m_EnableBakedLightmaps: 1
    m_EnableRealtimeLightmaps: 0
  m_LightmapEditorSettings:
    serializedVersion: 12
    m_Resolution: 2
    m_BakeResolution: 40
    m_AtlasSize: 1024
    m_AO: 0
    m_AOMaxDistance: 1
    m_CompAOExponent: 1
    m_CompAOExponentDirect: 0
    m_ExtractAmbientOcclusion: 0
    m_Padding: 2
    m_LightmapParameters: {fileID: 0}
    m_LightmapsBakeMode: 1
    m_TextureCompression: 1
    m_FinalGather: 0
    m_FinalGatherFiltering: 1
    m_FinalGatherRayCount: 256
    m_ReflectionCompression: 2
    m_MixedBakeMode: 2
    m_BakeBackend: 1
    m_PVRSampling: 1
    m_PVRDirectSampleCount: 32
    m_PVRSampleCount: 512
    m_PVRBounces: 2
    m_PVREnvironmentSampleCount: 256
    m_PVREnvironmentReferencePointCount: 2048
    m_PVRFilteringMode: 1
    m_PVRDenoiserTypeDirect: 1
    m_PVRDenoiserTypeIndirect: 1
    m_PVRDenoiserTypeAO: 1
    m_PVRFilterTypeDirect: 0
    m_PVRFilterTypeIndirect: 0
    m_PVRFilterTypeAO: 0
    m_PVREnvironmentMIS: 1
    m_PVRCulling: 1
    m_PVRFilteringGaussRadiusDirect: 1
    m_PVRFilteringGaussRadiusIndirect: 5
    m_PVRFilteringGaussRadiusAO: 2
    m_PVRFilteringAtrousPositionSigmaDirect: 0.5
    m_PVRFilteringAtrousPositionSigmaIndirect: 2
    m_PVRFilteringAtrousPositionSigmaAO: 1
    m_ExportTrainingData: 0
    m_TrainingDataDestination: TrainingData
    m_LightProbeSampleCountMultiplier: 4
  m_LightingDataAsset: {fileID: 0}
  m_UseShadowmask: 1
--- !u!196 &4
NavMeshSettings:
  serializedVersion: 2
  m_ObjectHideFlags: 0
  m_BuildSettings:
    serializedVersion: 2
    agentTypeID: 0
    agentRadius: 0.5
    agentHeight: 2
    agentSlope: 45
    agentClimb: 0.4
    ledgeDropHeight: 0
    maxJumpAcrossDistance: 0
    minRegionArea: 2
    manualCellSize: 0
    cellSize: 0.16666667
    manualTileSize: 0
    tileSize: 256
    accuratePlacement: 0
    debug:
      m_Flags: 0
  m_NavMeshData: {fileID: 0}
--- !u!1001 &69622119
PrefabInstance:
  m_ObjectHideFlags: 0
  serializedVersion: 2
  m_Modification:
    m_TransformParent: {fileID: 0}
    m_Modifications:
    - target: {fileID: 1936153692016112368, guid: da2d16706bd52e1418ca9940c917cf81,
        type: 3}
      propertyPath: tmp
      value: 
      objectReference: {fileID: 0}
    - target: {fileID: 1936153692016112369, guid: da2d16706bd52e1418ca9940c917cf81,
        type: 3}
      propertyPath: m_RootOrder
      value: 0
      objectReference: {fileID: 0}
    - target: {fileID: 1936153692016112369, guid: da2d16706bd52e1418ca9940c917cf81,
        type: 3}
      propertyPath: m_LocalPosition.x
      value: 0
      objectReference: {fileID: 0}
    - target: {fileID: 1936153692016112369, guid: da2d16706bd52e1418ca9940c917cf81,
        type: 3}
      propertyPath: m_LocalPosition.y
      value: 0
      objectReference: {fileID: 0}
    - target: {fileID: 1936153692016112369, guid: da2d16706bd52e1418ca9940c917cf81,
        type: 3}
      propertyPath: m_LocalPosition.z
      value: 0
      objectReference: {fileID: 0}
    - target: {fileID: 1936153692016112369, guid: da2d16706bd52e1418ca9940c917cf81,
        type: 3}
      propertyPath: m_LocalRotation.w
      value: 1
      objectReference: {fileID: 0}
    - target: {fileID: 1936153692016112369, guid: da2d16706bd52e1418ca9940c917cf81,
        type: 3}
      propertyPath: m_LocalRotation.x
      value: 0
      objectReference: {fileID: 0}
    - target: {fileID: 1936153692016112369, guid: da2d16706bd52e1418ca9940c917cf81,
        type: 3}
      propertyPath: m_LocalRotation.y
      value: 0
      objectReference: {fileID: 0}
    - target: {fileID: 1936153692016112369, guid: da2d16706bd52e1418ca9940c917cf81,
        type: 3}
      propertyPath: m_LocalRotation.z
      value: 0
      objectReference: {fileID: 0}
    - target: {fileID: 1936153692016112369, guid: da2d16706bd52e1418ca9940c917cf81,
        type: 3}
      propertyPath: m_LocalEulerAnglesHint.x
      value: 0
      objectReference: {fileID: 0}
    - target: {fileID: 1936153692016112369, guid: da2d16706bd52e1418ca9940c917cf81,
        type: 3}
      propertyPath: m_LocalEulerAnglesHint.y
      value: 0
      objectReference: {fileID: 0}
    - target: {fileID: 1936153692016112369, guid: da2d16706bd52e1418ca9940c917cf81,
        type: 3}
      propertyPath: m_LocalEulerAnglesHint.z
      value: 0
      objectReference: {fileID: 0}
    - target: {fileID: 1936153692016112371, guid: da2d16706bd52e1418ca9940c917cf81,
        type: 3}
      propertyPath: m_Name
      value: GameManager
      objectReference: {fileID: 0}
    m_RemovedComponents: []
  m_SourcePrefab: {fileID: 100100000, guid: da2d16706bd52e1418ca9940c917cf81, type: 3}
--- !u!1 &490466690
GameObject:
  m_ObjectHideFlags: 0
  m_CorrespondingSourceObject: {fileID: 0}
  m_PrefabInstance: {fileID: 0}
  m_PrefabAsset: {fileID: 0}
  serializedVersion: 6
  m_Component:
  - component: {fileID: 490466691}
  - component: {fileID: 490466692}
  - component: {fileID: 490466693}
  m_Layer: 0
  m_Name: InputManager
  m_TagString: Untagged
  m_Icon: {fileID: 0}
  m_NavMeshLayer: 0
  m_StaticEditorFlags: 0
  m_IsActive: 1
--- !u!4 &490466691
Transform:
  m_ObjectHideFlags: 0
  m_CorrespondingSourceObject: {fileID: 0}
  m_PrefabInstance: {fileID: 0}
  m_PrefabAsset: {fileID: 0}
  m_GameObject: {fileID: 490466690}
  m_LocalRotation: {x: 0, y: 0, z: 0, w: 1}
  m_LocalPosition: {x: -6.4948926, y: 11.854057, z: 76.67615}
  m_LocalScale: {x: 1, y: 1, z: 1}
  m_Children: []
  m_Father: {fileID: 0}
  m_RootOrder: 5
  m_LocalEulerAnglesHint: {x: 0, y: 0, z: 0}
--- !u!114 &490466692
MonoBehaviour:
  m_ObjectHideFlags: 0
  m_CorrespondingSourceObject: {fileID: 0}
  m_PrefabInstance: {fileID: 0}
  m_PrefabAsset: {fileID: 0}
  m_GameObject: {fileID: 490466690}
  m_Enabled: 1
  m_EditorHideFlags: 0
  m_Script: {fileID: 11500000, guid: 3f3714cc649f37544a0f2f8f6039fcd8, type: 3}
  m_Name: 
  m_EditorClassIdentifier: 
--- !u!114 &490466693
MonoBehaviour:
  m_ObjectHideFlags: 0
  m_CorrespondingSourceObject: {fileID: 0}
  m_PrefabInstance: {fileID: 0}
  m_PrefabAsset: {fileID: 0}
  m_GameObject: {fileID: 490466690}
  m_Enabled: 1
  m_EditorHideFlags: 0
  m_Script: {fileID: 11500000, guid: c7b5e8de77c5b4597ae7fbfb49a95e22, type: 3}
  m_Name: 
  m_EditorClassIdentifier: 
  logDebugInfo: 1
  invertYAxis: 0
  useFixedUpdate: 0
  dontDestroyOnLoad: 1
  suspendInBackground: 0
  updateMode: 0
  enableICade: 0
  enableXInput: 1
  xInputOverrideUpdateRate: 0
  xInputUpdateRate: 0
  xInputOverrideBufferSize: 0
  xInputBufferSize: 0
  enableNativeInput: 1
  nativeInputEnableXInput: 1
  nativeInputEnableMFi: 0
  nativeInputPreventSleep: 0
  nativeInputOverrideUpdateRate: 0
  nativeInputUpdateRate: 0
--- !u!1 &764607051
GameObject:
  m_ObjectHideFlags: 0
  m_CorrespondingSourceObject: {fileID: 0}
  m_PrefabInstance: {fileID: 0}
  m_PrefabAsset: {fileID: 0}
  serializedVersion: 6
  m_Component:
  - component: {fileID: 764607054}
  - component: {fileID: 764607053}
  - component: {fileID: 764607052}
  m_Layer: 0
  m_Name: SteamLobby
  m_TagString: SteamLobby
  m_Icon: {fileID: 0}
  m_NavMeshLayer: 0
  m_StaticEditorFlags: 0
  m_IsActive: 1
--- !u!114 &764607052
MonoBehaviour:
  m_ObjectHideFlags: 0
  m_CorrespondingSourceObject: {fileID: 0}
  m_PrefabInstance: {fileID: 0}
  m_PrefabAsset: {fileID: 0}
  m_GameObject: {fileID: 764607051}
  m_Enabled: 1
  m_EditorHideFlags: 0
  m_Script: {fileID: 11500000, guid: 5121791df4f7fc245be3311e7b0b1053, type: 3}
  m_Name: 
  m_EditorClassIdentifier: 
  fsUlongEventSo: {fileID: 11400000, guid: 04ad3c4e63841d94f947c66c15b1731c, type: 2}
  listeners:
    m_PersistentCalls:
      m_Calls:
      - m_Target: {fileID: 764607053}
        m_MethodName: OnPlayerSetup
        m_Mode: 0
        m_Arguments:
          m_ObjectArgument: {fileID: 0}
          m_ObjectArgumentAssemblyTypeName: UnityEngine.Object, UnityEngine
          m_IntArgument: 0
          m_FloatArgument: 0
          m_StringArgument: 
          m_BoolArgument: 0
        m_CallState: 2
--- !u!114 &764607053
MonoBehaviour:
  m_ObjectHideFlags: 0
  m_CorrespondingSourceObject: {fileID: 0}
  m_PrefabInstance: {fileID: 0}
  m_PrefabAsset: {fileID: 0}
  m_GameObject: {fileID: 764607051}
  m_Enabled: 1
  m_EditorHideFlags: 0
  m_Script: {fileID: 11500000, guid: 196255b4035392d4ab37331bb5207bf7, type: 3}
  m_Name: 
  m_EditorClassIdentifier: 
  buttonCreation: {fileID: 0}
  mainMenu: {fileID: 0}
  playerPrefabParents: []
  lobbyId: {fileID: 11400000, guid: b5d56f8ea4a4aae489df50391ae0eb09, type: 2}
  isServer: {fileID: 11400000, guid: 9e423217b4bec414eb2e3c52d48afa3a, type: 2}
  playerPrefab: {fileID: 8544525823733071962, guid: 0e2da1d7c636edf4d8820b7191ed92fc,
    type: 3}
  playMultiplayer: {fileID: 11400000, guid: 7aba7e8f05943c94c9bd290997fe6755, type: 2}
--- !u!4 &764607054
Transform:
  m_ObjectHideFlags: 0
  m_CorrespondingSourceObject: {fileID: 0}
  m_PrefabInstance: {fileID: 0}
  m_PrefabAsset: {fileID: 0}
  m_GameObject: {fileID: 764607051}
  m_LocalRotation: {x: -0, y: -0, z: -0, w: 1}
  m_LocalPosition: {x: 640, y: 360, z: 0}
  m_LocalScale: {x: 1.1006, y: 1.1006, z: 1.1006}
  m_Children: []
  m_Father: {fileID: 0}
  m_RootOrder: 8
  m_LocalEulerAnglesHint: {x: 0, y: 0, z: 0}
--- !u!1 &1399290661
GameObject:
  m_ObjectHideFlags: 0
  m_CorrespondingSourceObject: {fileID: 0}
  m_PrefabInstance: {fileID: 0}
  m_PrefabAsset: {fileID: 0}
  serializedVersion: 6
  m_Component:
  - component: {fileID: 1399290663}
  - component: {fileID: 1399290662}
  m_Layer: 0
  m_Name: MainAudioListener
  m_TagString: Untagged
  m_Icon: {fileID: 0}
  m_NavMeshLayer: 0
  m_StaticEditorFlags: 0
  m_IsActive: 1
--- !u!81 &1399290662
AudioListener:
  m_ObjectHideFlags: 0
  m_CorrespondingSourceObject: {fileID: 0}
  m_PrefabInstance: {fileID: 0}
  m_PrefabAsset: {fileID: 0}
  m_GameObject: {fileID: 1399290661}
  m_Enabled: 1
--- !u!4 &1399290663
Transform:
  m_ObjectHideFlags: 0
  m_CorrespondingSourceObject: {fileID: 0}
  m_PrefabInstance: {fileID: 0}
  m_PrefabAsset: {fileID: 0}
  m_GameObject: {fileID: 1399290661}
  m_LocalRotation: {x: 0, y: 0, z: 0, w: 1}
  m_LocalPosition: {x: 640, y: 250.81003, z: 16.779823}
  m_LocalScale: {x: 1, y: 1, z: 1}
  m_Children: []
  m_Father: {fileID: 0}
  m_RootOrder: 4
  m_LocalEulerAnglesHint: {x: 0, y: 0, z: 0}
--- !u!1001 &1554587644
PrefabInstance:
  m_ObjectHideFlags: 0
  serializedVersion: 2
  m_Modification:
    m_TransformParent: {fileID: 0}
    m_Modifications:
    - target: {fileID: 5813473902861079691, guid: 14829c4fba2b9e34e9de8a72cf238577,
        type: 3}
      propertyPath: m_Name
      value: Multiplayer
      objectReference: {fileID: 0}
    - target: {fileID: 5813473902861079692, guid: 14829c4fba2b9e34e9de8a72cf238577,
        type: 3}
      propertyPath: lobbyId
      value: 
      objectReference: {fileID: 11400000, guid: b5d56f8ea4a4aae489df50391ae0eb09,
        type: 2}
    - target: {fileID: 5813473902861079692, guid: 14829c4fba2b9e34e9de8a72cf238577,
        type: 3}
      propertyPath: players
      value: 
      objectReference: {fileID: 11400000, guid: 91c2037cd212a454292612f9c076c938,
        type: 2}
    - target: {fileID: 5813473902861079692, guid: 14829c4fba2b9e34e9de8a72cf238577,
        type: 3}
      propertyPath: LoadImage
      value: 
      objectReference: {fileID: 11400000, guid: 04ad3c4e63841d94f947c66c15b1731c,
        type: 2}
    - target: {fileID: 5813473902861079692, guid: 14829c4fba2b9e34e9de8a72cf238577,
        type: 3}
      propertyPath: launchGame
      value: 
      objectReference: {fileID: 11400000, guid: 2f61cb17fda99ba419d5124ccfdb687a,
        type: 2}
    - target: {fileID: 5813473902861079692, guid: 14829c4fba2b9e34e9de8a72cf238577,
        type: 3}
      propertyPath: leaveLobby
      value: 
      objectReference: {fileID: 11400000, guid: 0049c745b7dbc9b46aa217fe853ad05b,
        type: 2}
    - target: {fileID: 5813473902861079692, guid: 14829c4fba2b9e34e9de8a72cf238577,
        type: 3}
      propertyPath: nextButton
      value: 
      objectReference: {fileID: 11400000, guid: cddf72c6a7fc4d045bbbdfca91659409,
        type: 2}
    - target: {fileID: 5813473902861079692, guid: 14829c4fba2b9e34e9de8a72cf238577,
        type: 3}
      propertyPath: onPlayerSynchronised
      value: 
      objectReference: {fileID: 11400000, guid: 16ba3179796d28248800d205362404fb,
        type: 2}
    - target: {fileID: 5813473902861079693, guid: 14829c4fba2b9e34e9de8a72cf238577,
        type: 3}
      propertyPath: m_RootOrder
      value: 3
      objectReference: {fileID: 0}
    - target: {fileID: 5813473902861079693, guid: 14829c4fba2b9e34e9de8a72cf238577,
        type: 3}
      propertyPath: m_LocalPosition.x
      value: 0.09822476
      objectReference: {fileID: 0}
    - target: {fileID: 5813473902861079693, guid: 14829c4fba2b9e34e9de8a72cf238577,
        type: 3}
      propertyPath: m_LocalPosition.y
      value: -2.8026466
      objectReference: {fileID: 0}
    - target: {fileID: 5813473902861079693, guid: 14829c4fba2b9e34e9de8a72cf238577,
        type: 3}
      propertyPath: m_LocalPosition.z
      value: 8.067193
      objectReference: {fileID: 0}
    - target: {fileID: 5813473902861079693, guid: 14829c4fba2b9e34e9de8a72cf238577,
        type: 3}
      propertyPath: m_LocalRotation.w
      value: 1
      objectReference: {fileID: 0}
    - target: {fileID: 5813473902861079693, guid: 14829c4fba2b9e34e9de8a72cf238577,
        type: 3}
      propertyPath: m_LocalRotation.x
      value: 0
      objectReference: {fileID: 0}
    - target: {fileID: 5813473902861079693, guid: 14829c4fba2b9e34e9de8a72cf238577,
        type: 3}
      propertyPath: m_LocalRotation.y
      value: 0
      objectReference: {fileID: 0}
    - target: {fileID: 5813473902861079693, guid: 14829c4fba2b9e34e9de8a72cf238577,
        type: 3}
      propertyPath: m_LocalRotation.z
      value: 0
      objectReference: {fileID: 0}
    - target: {fileID: 5813473902861079693, guid: 14829c4fba2b9e34e9de8a72cf238577,
        type: 3}
      propertyPath: m_LocalEulerAnglesHint.x
      value: 0
      objectReference: {fileID: 0}
    - target: {fileID: 5813473902861079693, guid: 14829c4fba2b9e34e9de8a72cf238577,
        type: 3}
      propertyPath: m_LocalEulerAnglesHint.y
      value: 0
      objectReference: {fileID: 0}
    - target: {fileID: 5813473902861079693, guid: 14829c4fba2b9e34e9de8a72cf238577,
        type: 3}
      propertyPath: m_LocalEulerAnglesHint.z
      value: 0
      objectReference: {fileID: 0}
    m_RemovedComponents: []
  m_SourcePrefab: {fileID: 100100000, guid: 14829c4fba2b9e34e9de8a72cf238577, type: 3}
--- !u!1 &1677257760 stripped
GameObject:
  m_CorrespondingSourceObject: {fileID: 5813473902861079691, guid: 14829c4fba2b9e34e9de8a72cf238577,
    type: 3}
  m_PrefabInstance: {fileID: 1554587644}
  m_PrefabAsset: {fileID: 0}
--- !u!114 &1677257761 stripped
MonoBehaviour:
  m_CorrespondingSourceObject: {fileID: 5813473902861079692, guid: 14829c4fba2b9e34e9de8a72cf238577,
    type: 3}
  m_PrefabInstance: {fileID: 1554587644}
  m_PrefabAsset: {fileID: 0}
  m_GameObject: {fileID: 1677257760}
  m_Enabled: 1
  m_EditorHideFlags: 0
  m_Script: {fileID: 11500000, guid: 7cb7a4f74a47d1b4fb00037155cf5c0b, type: 3}
  m_Name: 
  m_EditorClassIdentifier: 
--- !u!114 &1677257762
MonoBehaviour:
  m_ObjectHideFlags: 0
  m_CorrespondingSourceObject: {fileID: 0}
  m_PrefabInstance: {fileID: 0}
  m_PrefabAsset: {fileID: 0}
  m_GameObject: {fileID: 1677257760}
  m_Enabled: 1
  m_EditorHideFlags: 0
  m_Script: {fileID: 11500000, guid: 83e7b551f34f7944b8a99084419a8ed2, type: 3}
  m_Name: 
  m_EditorClassIdentifier: 
  fsVoidEventSo: {fileID: 11400000, guid: 4244383786793f0488a4ba0361916fed, type: 2}
  listeners:
    m_PersistentCalls:
      m_Calls:
      - m_Target: {fileID: 1677257761}
        m_MethodName: OnUpdate
        m_Mode: 0
        m_Arguments:
          m_ObjectArgument: {fileID: 0}
          m_ObjectArgumentAssemblyTypeName: 
          m_IntArgument: 0
          m_FloatArgument: 0
          m_StringArgument: 
          m_BoolArgument: 0
        m_CallState: 2
--- !u!114 &1677257763
MonoBehaviour:
  m_ObjectHideFlags: 0
  m_CorrespondingSourceObject: {fileID: 0}
  m_PrefabInstance: {fileID: 0}
  m_PrefabAsset: {fileID: 0}
  m_GameObject: {fileID: 1677257760}
  m_Enabled: 1
  m_EditorHideFlags: 0
  m_Script: {fileID: 11500000, guid: d5883b92a7fc04947a8ccf06a1ebc5b1, type: 3}
  m_Name: 
  m_EditorClassIdentifier: 
  fsBoolEventSo: {fileID: 11400000, guid: 7aba7e8f05943c94c9bd290997fe6755, type: 2}
  listeners:
    m_PersistentCalls:
      m_Calls:
      - m_Target: {fileID: 1677257761}
        m_MethodName: OnPlayMultiplayer
        m_Mode: 0
        m_Arguments:
          m_ObjectArgument: {fileID: 0}
          m_ObjectArgumentAssemblyTypeName: UnityEngine.Object, UnityEngine
          m_IntArgument: 0
          m_FloatArgument: 0
          m_StringArgument: 
          m_BoolArgument: 0
        m_CallState: 2
--- !u!1 &1937787975
GameObject:
  m_ObjectHideFlags: 0
  m_CorrespondingSourceObject: {fileID: 0}
  m_PrefabInstance: {fileID: 0}
  m_PrefabAsset: {fileID: 0}
  serializedVersion: 6
  m_Component:
  - component: {fileID: 1937787978}
  - component: {fileID: 1937787977}
  - component: {fileID: 1937787976}
  m_Layer: 0
  m_Name: EventSystem
  m_TagString: Untagged
  m_Icon: {fileID: 0}
  m_NavMeshLayer: 0
  m_StaticEditorFlags: 0
  m_IsActive: 1
--- !u!114 &1937787976
MonoBehaviour:
  m_ObjectHideFlags: 0
  m_CorrespondingSourceObject: {fileID: 0}
  m_PrefabInstance: {fileID: 0}
  m_PrefabAsset: {fileID: 0}
  m_GameObject: {fileID: 1937787975}
  m_Enabled: 1
  m_EditorHideFlags: 0
  m_Script: {fileID: 11500000, guid: 4f231c4fb786f3946a6b90b886c48677, type: 3}
  m_Name: 
  m_EditorClassIdentifier: 
  m_HorizontalAxis: Horizontal
  m_VerticalAxis: Vertical
  m_SubmitButton: Submit
  m_CancelButton: Cancel
  m_InputActionsPerSecond: 10
  m_RepeatDelay: 0.5
  m_ForceModuleActive: 0
--- !u!114 &1937787977
MonoBehaviour:
  m_ObjectHideFlags: 0
  m_CorrespondingSourceObject: {fileID: 0}
  m_PrefabInstance: {fileID: 0}
  m_PrefabAsset: {fileID: 0}
  m_GameObject: {fileID: 1937787975}
  m_Enabled: 1
  m_EditorHideFlags: 0
  m_Script: {fileID: 11500000, guid: 76c392e42b5098c458856cdf6ecaaaa1, type: 3}
  m_Name: 
  m_EditorClassIdentifier: 
  m_FirstSelected: {fileID: 1937787975}
  m_sendNavigationEvents: 1
  m_DragThreshold: 10
--- !u!4 &1937787978
Transform:
  m_ObjectHideFlags: 0
  m_CorrespondingSourceObject: {fileID: 0}
  m_PrefabInstance: {fileID: 0}
  m_PrefabAsset: {fileID: 0}
  m_GameObject: {fileID: 1937787975}
  m_LocalRotation: {x: -0, y: -0, z: -0, w: 1}
  m_LocalPosition: {x: 0, y: 0, z: 0}
  m_LocalScale: {x: 1, y: 1, z: 1}
  m_Children: []
  m_Father: {fileID: 0}
  m_RootOrder: 7
  m_LocalEulerAnglesHint: {x: 0, y: 0, z: 0}
--- !u!1 &1958233422
GameObject:
  m_ObjectHideFlags: 0
  m_CorrespondingSourceObject: {fileID: 0}
  m_PrefabInstance: {fileID: 0}
  m_PrefabAsset: {fileID: 0}
  serializedVersion: 6
  m_Component:
  - component: {fileID: 1958233427}
  - component: {fileID: 1958233425}
  - component: {fileID: 1958233423}
  - component: {fileID: 1958233428}
  m_Layer: 0
  m_Name: OnlineManager
  m_TagString: Untagged
  m_Icon: {fileID: 0}
  m_NavMeshLayer: 0
  m_StaticEditorFlags: 0
  m_IsActive: 1
--- !u!114 &1958233423
MonoBehaviour:
  m_ObjectHideFlags: 0
  m_CorrespondingSourceObject: {fileID: 0}
  m_PrefabInstance: {fileID: 0}
  m_PrefabAsset: {fileID: 0}
  m_GameObject: {fileID: 1958233422}
  m_Enabled: 1
  m_EditorHideFlags: 0
  m_Script: {fileID: 11500000, guid: 5d7b0ef43d49310498229cb6fb93c48c, type: 3}
  m_Name: 
  m_EditorClassIdentifier: 
  playersIds: {fileID: 11400000, guid: 91c2037cd212a454292612f9c076c938, type: 2}
--- !u!114 &1958233425
MonoBehaviour:
  m_ObjectHideFlags: 0
  m_CorrespondingSourceObject: {fileID: 0}
  m_PrefabInstance: {fileID: 0}
  m_PrefabAsset: {fileID: 0}
  m_GameObject: {fileID: 1958233422}
  m_Enabled: 1
  m_EditorHideFlags: 0
  m_Script: {fileID: 11500000, guid: ef4bffeda13d7a748973ff9204401c07, type: 3}
  m_Name: 
  m_EditorClassIdentifier: 
--- !u!4 &1958233427
Transform:
  m_ObjectHideFlags: 0
  m_CorrespondingSourceObject: {fileID: 0}
  m_PrefabInstance: {fileID: 0}
  m_PrefabAsset: {fileID: 0}
  m_GameObject: {fileID: 1958233422}
  m_LocalRotation: {x: -0, y: -0, z: -0, w: 1}
  m_LocalPosition: {x: 640, y: 360, z: 0}
  m_LocalScale: {x: 1.1006, y: 1.1006, z: 1.1006}
  m_Children: []
  m_Father: {fileID: 0}
  m_RootOrder: 6
  m_LocalEulerAnglesHint: {x: 0, y: 0, z: 0}
--- !u!114 &1958233428
MonoBehaviour:
  m_ObjectHideFlags: 0
  m_CorrespondingSourceObject: {fileID: 0}
  m_PrefabInstance: {fileID: 0}
  m_PrefabAsset: {fileID: 0}
  m_GameObject: {fileID: 1958233422}
  m_Enabled: 1
  m_EditorHideFlags: 0
  m_Script: {fileID: 11500000, guid: 5255099c3d9ed4841a1983566dfc55f4, type: 3}
  m_Name: 
  m_EditorClassIdentifier: 
  fsIntEventSo: {fileID: 11400000, guid: 62ddb14e4b680da4fa7bc6575fb3279d, type: 2}
  listeners:
    m_PersistentCalls:
      m_Calls:
      - m_Target: {fileID: 0}
        m_MethodName: test
        m_Mode: 0
        m_Arguments:
          m_ObjectArgument: {fileID: 0}
          m_ObjectArgumentAssemblyTypeName: UnityEngine.Object, UnityEngine
          m_IntArgument: 0
          m_FloatArgument: 0
          m_StringArgument: 
          m_BoolArgument: 0
        m_CallState: 2
--- !u!1001 &3621088003459310735
PrefabInstance:
  m_ObjectHideFlags: 0
  serializedVersion: 2
  m_Modification:
    m_TransformParent: {fileID: 0}
    m_Modifications:
    - target: {fileID: 1386362348, guid: c4e635ca5a497e749ab98e019c550c6c, type: 3}
      propertyPath: pathToLevels
      value: Assets/___marketGame/Levels
      objectReference: {fileID: 0}
    - target: {fileID: 3621088004253569571, guid: c4e635ca5a497e749ab98e019c550c6c,
        type: 3}
      propertyPath: m_RootOrder
      value: 1
      objectReference: {fileID: 0}
    - target: {fileID: 3621088004253569571, guid: c4e635ca5a497e749ab98e019c550c6c,
        type: 3}
      propertyPath: m_LocalPosition.x
      value: 183.45853
      objectReference: {fileID: 0}
    - target: {fileID: 3621088004253569571, guid: c4e635ca5a497e749ab98e019c550c6c,
        type: 3}
      propertyPath: m_LocalPosition.y
      value: 143.34126
      objectReference: {fileID: 0}
    - target: {fileID: 3621088004253569571, guid: c4e635ca5a497e749ab98e019c550c6c,
        type: 3}
      propertyPath: m_LocalPosition.z
      value: -23.331831
      objectReference: {fileID: 0}
    - target: {fileID: 3621088004253569571, guid: c4e635ca5a497e749ab98e019c550c6c,
        type: 3}
      propertyPath: m_LocalRotation.w
      value: 1
      objectReference: {fileID: 0}
    - target: {fileID: 3621088004253569571, guid: c4e635ca5a497e749ab98e019c550c6c,
        type: 3}
      propertyPath: m_LocalRotation.x
      value: 0
      objectReference: {fileID: 0}
    - target: {fileID: 3621088004253569571, guid: c4e635ca5a497e749ab98e019c550c6c,
        type: 3}
      propertyPath: m_LocalRotation.y
      value: 0
      objectReference: {fileID: 0}
    - target: {fileID: 3621088004253569571, guid: c4e635ca5a497e749ab98e019c550c6c,
        type: 3}
      propertyPath: m_LocalRotation.z
      value: 0
      objectReference: {fileID: 0}
    - target: {fileID: 3621088004253569571, guid: c4e635ca5a497e749ab98e019c550c6c,
        type: 3}
      propertyPath: m_LocalEulerAnglesHint.x
      value: 0
      objectReference: {fileID: 0}
    - target: {fileID: 3621088004253569571, guid: c4e635ca5a497e749ab98e019c550c6c,
        type: 3}
      propertyPath: m_LocalEulerAnglesHint.y
      value: 0
      objectReference: {fileID: 0}
    - target: {fileID: 3621088004253569571, guid: c4e635ca5a497e749ab98e019c550c6c,
        type: 3}
      propertyPath: m_LocalEulerAnglesHint.z
      value: 0
      objectReference: {fileID: 0}
    - target: {fileID: 3621088004253569572, guid: c4e635ca5a497e749ab98e019c550c6c,
        type: 3}
      propertyPath: m_Name
      value: LevelManager
      objectReference: {fileID: 0}
    m_RemovedComponents: []
  m_SourcePrefab: {fileID: 100100000, guid: c4e635ca5a497e749ab98e019c550c6c, type: 3}
--- !u!1001 &8171020845364962945
PrefabInstance:
  m_ObjectHideFlags: 0
  serializedVersion: 2
  m_Modification:
    m_TransformParent: {fileID: 0}
    m_Modifications:
    - target: {fileID: 8171020844667188974, guid: 652fd118c991b344bb1735d3ea86a953,
        type: 3}
      propertyPath: m_RootOrder
      value: 2
      objectReference: {fileID: 0}
    - target: {fileID: 8171020844667188974, guid: 652fd118c991b344bb1735d3ea86a953,
        type: 3}
      propertyPath: m_LocalPosition.x
      value: 183.45853
      objectReference: {fileID: 0}
    - target: {fileID: 8171020844667188974, guid: 652fd118c991b344bb1735d3ea86a953,
        type: 3}
      propertyPath: m_LocalPosition.y
      value: 143.34126
      objectReference: {fileID: 0}
    - target: {fileID: 8171020844667188974, guid: 652fd118c991b344bb1735d3ea86a953,
        type: 3}
      propertyPath: m_LocalPosition.z
      value: -23.331831
      objectReference: {fileID: 0}
    - target: {fileID: 8171020844667188974, guid: 652fd118c991b344bb1735d3ea86a953,
        type: 3}
      propertyPath: m_LocalRotation.w
      value: 1
      objectReference: {fileID: 0}
    - target: {fileID: 8171020844667188974, guid: 652fd118c991b344bb1735d3ea86a953,
        type: 3}
      propertyPath: m_LocalRotation.x
      value: 0
      objectReference: {fileID: 0}
    - target: {fileID: 8171020844667188974, guid: 652fd118c991b344bb1735d3ea86a953,
        type: 3}
      propertyPath: m_LocalRotation.y
      value: 0
      objectReference: {fileID: 0}
    - target: {fileID: 8171020844667188974, guid: 652fd118c991b344bb1735d3ea86a953,
        type: 3}
      propertyPath: m_LocalRotation.z
      value: 0
      objectReference: {fileID: 0}
    - target: {fileID: 8171020844667188974, guid: 652fd118c991b344bb1735d3ea86a953,
        type: 3}
      propertyPath: m_LocalEulerAnglesHint.x
      value: 0
      objectReference: {fileID: 0}
    - target: {fileID: 8171020844667188974, guid: 652fd118c991b344bb1735d3ea86a953,
        type: 3}
      propertyPath: m_LocalEulerAnglesHint.y
      value: 0
      objectReference: {fileID: 0}
    - target: {fileID: 8171020844667188974, guid: 652fd118c991b344bb1735d3ea86a953,
        type: 3}
      propertyPath: m_LocalEulerAnglesHint.z
      value: 0
      objectReference: {fileID: 0}
    - target: {fileID: 8171020844667188975, guid: 652fd118c991b344bb1735d3ea86a953,
        type: 3}
      propertyPath: m_Name
      value: PreLoaderEnd
      objectReference: {fileID: 0}
    - target: {fileID: 8171020844667188977, guid: 652fd118c991b344bb1735d3ea86a953,
        type: 3}
      propertyPath: image
      value: 
      objectReference: {fileID: 0}
    - target: {fileID: 8171020844667188977, guid: 652fd118c991b344bb1735d3ea86a953,
        type: 3}
      propertyPath: eventSystem
      value: 
      objectReference: {fileID: 1937787975}
    - target: {fileID: 8171020844667188977, guid: 652fd118c991b344bb1735d3ea86a953,
        type: 3}
      propertyPath: eventSystem1
      value: 
      objectReference: {fileID: 0}
    - target: {fileID: 8171020844667188977, guid: 652fd118c991b344bb1735d3ea86a953,
        type: 3}
      propertyPath: eventSystem2
      value: 
      objectReference: {fileID: 0}
    - target: {fileID: 8171020844667188977, guid: 652fd118c991b344bb1735d3ea86a953,
        type: 3}
      propertyPath: eventSystem3
      value: 
      objectReference: {fileID: 0}
    - target: {fileID: 8171020844667188977, guid: 652fd118c991b344bb1735d3ea86a953,
        type: 3}
      propertyPath: eventSystem4
      value: 
      objectReference: {fileID: 0}
    - target: {fileID: 8171020844667188977, guid: 652fd118c991b344bb1735d3ea86a953,
        type: 3}
      propertyPath: inputManager
      value: 
      objectReference: {fileID: 490466690}
    - target: {fileID: 8171020844667188977, guid: 652fd118c991b344bb1735d3ea86a953,
        type: 3}
      propertyPath: mainAudioListener
      value: 
      objectReference: {fileID: 1399290661}
    m_RemovedComponents: []
  m_SourcePrefab: {fileID: 100100000, guid: 652fd118c991b344bb1735d3ea86a953, type: 3}
