%YAML 1.1
%TAG !u! tag:unity3d.com,2011:
--- !u!1 &111866545
GameObject:
  m_ObjectHideFlags: 0
  m_CorrespondingSourceObject: {fileID: 0}
  m_PrefabInstance: {fileID: 0}
  m_PrefabAsset: {fileID: 0}
  serializedVersion: 6
  m_Component:
  - component: {fileID: 111866546}
  - component: {fileID: 111866548}
  - component: {fileID: 111866547}
  m_Layer: 5
  m_Name: LoseText
  m_TagString: Untagged
  m_Icon: {fileID: 0}
  m_NavMeshLayer: 0
  m_StaticEditorFlags: 0
  m_IsActive: 1
--- !u!224 &111866546
RectTransform:
  m_ObjectHideFlags: 0
  m_CorrespondingSourceObject: {fileID: 0}
  m_PrefabInstance: {fileID: 0}
  m_PrefabAsset: {fileID: 0}
  m_GameObject: {fileID: 111866545}
  m_LocalRotation: {x: -0, y: -0, z: -0, w: 1}
  m_LocalPosition: {x: 0, y: 0, z: 0}
  m_LocalScale: {x: 1, y: 1, z: 1}
  m_Children: []
  m_Father: {fileID: 4290346865604969584}
  m_RootOrder: 2
  m_LocalEulerAnglesHint: {x: 0, y: 0, z: 0}
  m_AnchorMin: {x: 0.5, y: 0.5}
  m_AnchorMax: {x: 0.5, y: 0.5}
  m_AnchoredPosition: {x: 0, y: 183.9}
  m_SizeDelta: {x: 205.5, y: 109.6}
  m_Pivot: {x: 0.5, y: 0.5}
--- !u!222 &111866548
CanvasRenderer:
  m_ObjectHideFlags: 0
  m_CorrespondingSourceObject: {fileID: 0}
  m_PrefabInstance: {fileID: 0}
  m_PrefabAsset: {fileID: 0}
  m_GameObject: {fileID: 111866545}
  m_CullTransparentMesh: 0
--- !u!114 &111866547
MonoBehaviour:
  m_ObjectHideFlags: 0
  m_CorrespondingSourceObject: {fileID: 0}
  m_PrefabInstance: {fileID: 0}
  m_PrefabAsset: {fileID: 0}
  m_GameObject: {fileID: 111866545}
  m_Enabled: 1
  m_EditorHideFlags: 0
  m_Script: {fileID: 11500000, guid: 5f7201a12d95ffc409449d95f23cf332, type: 3}
  m_Name: 
  m_EditorClassIdentifier: 
  m_Material: {fileID: 0}
  m_Color: {r: 1, g: 1, b: 1, a: 1}
  m_RaycastTarget: 1
  m_Maskable: 1
  m_OnCullStateChanged:
    m_PersistentCalls:
      m_Calls: []
  m_FontData:
    m_Font: {fileID: 12800000, guid: 4506bf6ca285b494ab0993e12703d5e6, type: 3}
    m_FontSize: 14
    m_FontStyle: 0
    m_BestFit: 1
    m_MinSize: 10
    m_MaxSize: 300
    m_Alignment: 1
    m_AlignByGeometry: 0
    m_RichText: 1
    m_HorizontalOverflow: 0
    m_VerticalOverflow: 0
    m_LineSpacing: 1
  m_Text: LOSE
--- !u!114 &1147712334
MonoBehaviour:
  m_ObjectHideFlags: 0
  m_CorrespondingSourceObject: {fileID: 0}
  m_PrefabInstance: {fileID: 0}
  m_PrefabAsset: {fileID: 0}
  m_GameObject: {fileID: 1147712332}
  m_Enabled: 1
  m_EditorHideFlags: 0
  m_Script: {fileID: 11500000, guid: 79b531b8b5c2bf6458cb66f0b6b21abc, type: 3}
  m_Name: 
  m_EditorClassIdentifier: 
--- !u!1 &4290346866004898401
GameObject:
  m_ObjectHideFlags: 0
  m_CorrespondingSourceObject: {fileID: 0}
  m_PrefabInstance: {fileID: 0}
  m_PrefabAsset: {fileID: 0}
  serializedVersion: 6
  m_Component:
  - component: {fileID: 4290346866004898413}
  - component: {fileID: 4290346866004898412}
  - component: {fileID: 4290346866004898415}
  - component: {fileID: 4290346866004898414}
  m_Layer: 5
  m_Name: UI
  m_TagString: Untagged
  m_Icon: {fileID: 0}
  m_NavMeshLayer: 0
  m_StaticEditorFlags: 0
  m_IsActive: 1
--- !u!224 &4290346866004898413
RectTransform:
  m_ObjectHideFlags: 0
  m_CorrespondingSourceObject: {fileID: 0}
  m_PrefabInstance: {fileID: 0}
  m_PrefabAsset: {fileID: 0}
  m_GameObject: {fileID: 4290346866004898401}
  m_LocalRotation: {x: 0, y: 0, z: 0, w: 1}
  m_LocalPosition: {x: 0, y: 0, z: 0}
  m_LocalScale: {x: 0, y: 0, z: 0}
  m_Children:
  - {fileID: 1147712333}
  - {fileID: 4290346865441664601}
  - {fileID: 4290346866397196109}
  - {fileID: 4290346865350538401}
  - {fileID: 4290346865604969584}
  m_Father: {fileID: 0}
  m_RootOrder: 0
  m_LocalEulerAnglesHint: {x: 0, y: 0, z: 0}
  m_AnchorMin: {x: 0, y: 0}
  m_AnchorMax: {x: 0, y: 0}
  m_AnchoredPosition: {x: 0, y: 0}
  m_SizeDelta: {x: 0, y: 0}
  m_Pivot: {x: 0, y: 0}
--- !u!223 &4290346866004898412
Canvas:
  m_ObjectHideFlags: 0
  m_CorrespondingSourceObject: {fileID: 0}
  m_PrefabInstance: {fileID: 0}
  m_PrefabAsset: {fileID: 0}
  m_GameObject: {fileID: 4290346866004898401}
  m_Enabled: 1
  serializedVersion: 3
  m_RenderMode: 0
  m_Camera: {fileID: 0}
  m_PlaneDistance: 100
  m_PixelPerfect: 0
  m_ReceivesEvents: 1
  m_OverrideSorting: 0
  m_OverridePixelPerfect: 0
  m_SortingBucketNormalizedSize: 0
  m_AdditionalShaderChannelsFlag: 25
  m_SortingLayerID: 0
  m_SortingOrder: 0
  m_TargetDisplay: 0
--- !u!114 &4290346866004898415
MonoBehaviour:
  m_ObjectHideFlags: 0
  m_CorrespondingSourceObject: {fileID: 0}
  m_PrefabInstance: {fileID: 0}
  m_PrefabAsset: {fileID: 0}
  m_GameObject: {fileID: 4290346866004898401}
  m_Enabled: 1
  m_EditorHideFlags: 0
  m_Script: {fileID: 11500000, guid: 0cd44c1031e13a943bb63640046fad76, type: 3}
  m_Name: 
  m_EditorClassIdentifier: 
  m_UiScaleMode: 1
  m_ReferencePixelsPerUnit: 100
  m_ScaleFactor: 1
  m_ReferenceResolution: {x: 1280, y: 720}
  m_ScreenMatchMode: 0
  m_MatchWidthOrHeight: 0
  m_PhysicalUnit: 3
  m_FallbackScreenDPI: 96
  m_DefaultSpriteDPI: 96
  m_DynamicPixelsPerUnit: 1
--- !u!114 &4290346866004898414
MonoBehaviour:
  m_ObjectHideFlags: 0
  m_CorrespondingSourceObject: {fileID: 0}
  m_PrefabInstance: {fileID: 0}
  m_PrefabAsset: {fileID: 0}
  m_GameObject: {fileID: 4290346866004898401}
  m_Enabled: 1
  m_EditorHideFlags: 0
  m_Script: {fileID: 11500000, guid: dc42784cf147c0c48a680349fa168899, type: 3}
  m_Name: 
  m_EditorClassIdentifier: 
  m_IgnoreReversedGraphics: 1
  m_BlockingObjects: 0
  m_BlockingMask:
    serializedVersion: 2
    m_Bits: 311
--- !u!1001 &1738774193325107280
PrefabInstance:
  m_ObjectHideFlags: 0
  serializedVersion: 2
  m_Modification:
    m_TransformParent: {fileID: 4290346866004898413}
    m_Modifications:
    - target: {fileID: 2570150574706036888, guid: 006739a1c90929445a40bab695025109,
        type: 3}
      propertyPath: m_PreserveAspect
      value: 1
      objectReference: {fileID: 0}
    - target: {fileID: 2570150574865978565, guid: 006739a1c90929445a40bab695025109,
        type: 3}
      propertyPath: m_PreserveAspect
      value: 1
      objectReference: {fileID: 0}
    - target: {fileID: 2570150575070653472, guid: 006739a1c90929445a40bab695025109,
        type: 3}
      propertyPath: m_Pivot.x
      value: 0.5
      objectReference: {fileID: 0}
    - target: {fileID: 2570150575070653472, guid: 006739a1c90929445a40bab695025109,
        type: 3}
      propertyPath: m_Pivot.y
      value: 0.5
      objectReference: {fileID: 0}
    - target: {fileID: 2570150575070653472, guid: 006739a1c90929445a40bab695025109,
        type: 3}
      propertyPath: m_RootOrder
      value: 4
      objectReference: {fileID: 0}
    - target: {fileID: 2570150575070653472, guid: 006739a1c90929445a40bab695025109,
        type: 3}
      propertyPath: m_AnchorMax.x
      value: 1
      objectReference: {fileID: 0}
    - target: {fileID: 2570150575070653472, guid: 006739a1c90929445a40bab695025109,
        type: 3}
      propertyPath: m_AnchorMax.y
      value: 1
      objectReference: {fileID: 0}
    - target: {fileID: 2570150575070653472, guid: 006739a1c90929445a40bab695025109,
        type: 3}
      propertyPath: m_AnchorMin.x
      value: 0
      objectReference: {fileID: 0}
    - target: {fileID: 2570150575070653472, guid: 006739a1c90929445a40bab695025109,
        type: 3}
      propertyPath: m_AnchorMin.y
      value: 0
      objectReference: {fileID: 0}
    - target: {fileID: 2570150575070653472, guid: 006739a1c90929445a40bab695025109,
        type: 3}
      propertyPath: m_SizeDelta.x
      value: 0
      objectReference: {fileID: 0}
    - target: {fileID: 2570150575070653472, guid: 006739a1c90929445a40bab695025109,
        type: 3}
      propertyPath: m_SizeDelta.y
      value: 0
      objectReference: {fileID: 0}
    - target: {fileID: 2570150575070653472, guid: 006739a1c90929445a40bab695025109,
        type: 3}
      propertyPath: m_LocalPosition.x
      value: 0
      objectReference: {fileID: 0}
    - target: {fileID: 2570150575070653472, guid: 006739a1c90929445a40bab695025109,
        type: 3}
      propertyPath: m_LocalPosition.y
      value: 0
      objectReference: {fileID: 0}
    - target: {fileID: 2570150575070653472, guid: 006739a1c90929445a40bab695025109,
        type: 3}
      propertyPath: m_LocalPosition.z
      value: 0
      objectReference: {fileID: 0}
    - target: {fileID: 2570150575070653472, guid: 006739a1c90929445a40bab695025109,
        type: 3}
      propertyPath: m_LocalRotation.w
      value: 1
      objectReference: {fileID: 0}
    - target: {fileID: 2570150575070653472, guid: 006739a1c90929445a40bab695025109,
        type: 3}
      propertyPath: m_LocalRotation.x
      value: 0
      objectReference: {fileID: 0}
    - target: {fileID: 2570150575070653472, guid: 006739a1c90929445a40bab695025109,
        type: 3}
      propertyPath: m_LocalRotation.y
      value: 0
      objectReference: {fileID: 0}
    - target: {fileID: 2570150575070653472, guid: 006739a1c90929445a40bab695025109,
        type: 3}
      propertyPath: m_LocalRotation.z
      value: 0
      objectReference: {fileID: 0}
    - target: {fileID: 2570150575070653472, guid: 006739a1c90929445a40bab695025109,
        type: 3}
      propertyPath: m_AnchoredPosition.x
      value: 0
      objectReference: {fileID: 0}
    - target: {fileID: 2570150575070653472, guid: 006739a1c90929445a40bab695025109,
        type: 3}
      propertyPath: m_AnchoredPosition.y
      value: 0
      objectReference: {fileID: 0}
    - target: {fileID: 2570150575070653472, guid: 006739a1c90929445a40bab695025109,
        type: 3}
      propertyPath: m_LocalEulerAnglesHint.x
      value: 0
      objectReference: {fileID: 0}
    - target: {fileID: 2570150575070653472, guid: 006739a1c90929445a40bab695025109,
        type: 3}
      propertyPath: m_LocalEulerAnglesHint.y
      value: 0
      objectReference: {fileID: 0}
    - target: {fileID: 2570150575070653472, guid: 006739a1c90929445a40bab695025109,
        type: 3}
      propertyPath: m_LocalEulerAnglesHint.z
      value: 0
      objectReference: {fileID: 0}
    - target: {fileID: 2570150575070653475, guid: 006739a1c90929445a40bab695025109,
        type: 3}
      propertyPath: m_Name
      value: Lose
      objectReference: {fileID: 0}
    - target: {fileID: 2570150575070653475, guid: 006739a1c90929445a40bab695025109,
        type: 3}
      propertyPath: m_IsActive
      value: 0
      objectReference: {fileID: 0}
    m_RemovedComponents: []
  m_SourcePrefab: {fileID: 100100000, guid: 006739a1c90929445a40bab695025109, type: 3}
--- !u!224 &4290346865604969584 stripped
RectTransform:
  m_CorrespondingSourceObject: {fileID: 2570150575070653472, guid: 006739a1c90929445a40bab695025109,
    type: 3}
  m_PrefabInstance: {fileID: 1738774193325107280}
  m_PrefabAsset: {fileID: 0}
--- !u!1001 &2034006481965022739
PrefabInstance:
  m_ObjectHideFlags: 0
  serializedVersion: 2
  m_Modification:
    m_TransformParent: {fileID: 4290346866004898413}
    m_Modifications:
    - target: {fileID: 2859893104481143474, guid: 955c30f69e1dad646bfc76b85c38c971,
        type: 3}
      propertyPath: m_Pivot.x
      value: 0.5
      objectReference: {fileID: 0}
    - target: {fileID: 2859893104481143474, guid: 955c30f69e1dad646bfc76b85c38c971,
        type: 3}
      propertyPath: m_Pivot.y
      value: 0.5
      objectReference: {fileID: 0}
    - target: {fileID: 2859893104481143474, guid: 955c30f69e1dad646bfc76b85c38c971,
        type: 3}
      propertyPath: m_RootOrder
      value: 3
      objectReference: {fileID: 0}
    - target: {fileID: 2859893104481143474, guid: 955c30f69e1dad646bfc76b85c38c971,
        type: 3}
      propertyPath: m_AnchorMax.x
      value: 1
      objectReference: {fileID: 0}
    - target: {fileID: 2859893104481143474, guid: 955c30f69e1dad646bfc76b85c38c971,
        type: 3}
      propertyPath: m_AnchorMax.y
      value: 1
      objectReference: {fileID: 0}
    - target: {fileID: 2859893104481143474, guid: 955c30f69e1dad646bfc76b85c38c971,
        type: 3}
      propertyPath: m_AnchorMin.x
      value: 0
      objectReference: {fileID: 0}
    - target: {fileID: 2859893104481143474, guid: 955c30f69e1dad646bfc76b85c38c971,
        type: 3}
      propertyPath: m_AnchorMin.y
      value: 0
      objectReference: {fileID: 0}
    - target: {fileID: 2859893104481143474, guid: 955c30f69e1dad646bfc76b85c38c971,
        type: 3}
      propertyPath: m_SizeDelta.x
      value: 0
      objectReference: {fileID: 0}
    - target: {fileID: 2859893104481143474, guid: 955c30f69e1dad646bfc76b85c38c971,
        type: 3}
      propertyPath: m_SizeDelta.y
      value: 0
      objectReference: {fileID: 0}
    - target: {fileID: 2859893104481143474, guid: 955c30f69e1dad646bfc76b85c38c971,
        type: 3}
      propertyPath: m_LocalPosition.x
      value: 0
      objectReference: {fileID: 0}
    - target: {fileID: 2859893104481143474, guid: 955c30f69e1dad646bfc76b85c38c971,
        type: 3}
      propertyPath: m_LocalPosition.y
      value: 0
      objectReference: {fileID: 0}
    - target: {fileID: 2859893104481143474, guid: 955c30f69e1dad646bfc76b85c38c971,
        type: 3}
      propertyPath: m_LocalPosition.z
      value: 0
      objectReference: {fileID: 0}
    - target: {fileID: 2859893104481143474, guid: 955c30f69e1dad646bfc76b85c38c971,
        type: 3}
      propertyPath: m_LocalRotation.w
      value: 1
      objectReference: {fileID: 0}
    - target: {fileID: 2859893104481143474, guid: 955c30f69e1dad646bfc76b85c38c971,
        type: 3}
      propertyPath: m_LocalRotation.x
      value: 0
      objectReference: {fileID: 0}
    - target: {fileID: 2859893104481143474, guid: 955c30f69e1dad646bfc76b85c38c971,
        type: 3}
      propertyPath: m_LocalRotation.y
      value: 0
      objectReference: {fileID: 0}
    - target: {fileID: 2859893104481143474, guid: 955c30f69e1dad646bfc76b85c38c971,
        type: 3}
      propertyPath: m_LocalRotation.z
      value: 0
      objectReference: {fileID: 0}
    - target: {fileID: 2859893104481143474, guid: 955c30f69e1dad646bfc76b85c38c971,
        type: 3}
      propertyPath: m_AnchoredPosition.x
      value: 0
      objectReference: {fileID: 0}
    - target: {fileID: 2859893104481143474, guid: 955c30f69e1dad646bfc76b85c38c971,
        type: 3}
      propertyPath: m_AnchoredPosition.y
      value: 0
      objectReference: {fileID: 0}
    - target: {fileID: 2859893104481143474, guid: 955c30f69e1dad646bfc76b85c38c971,
        type: 3}
      propertyPath: m_LocalEulerAnglesHint.x
      value: 0
      objectReference: {fileID: 0}
    - target: {fileID: 2859893104481143474, guid: 955c30f69e1dad646bfc76b85c38c971,
        type: 3}
      propertyPath: m_LocalEulerAnglesHint.y
      value: 0
      objectReference: {fileID: 0}
    - target: {fileID: 2859893104481143474, guid: 955c30f69e1dad646bfc76b85c38c971,
        type: 3}
      propertyPath: m_LocalEulerAnglesHint.z
      value: 0
      objectReference: {fileID: 0}
    - target: {fileID: 2859893104481143475, guid: 955c30f69e1dad646bfc76b85c38c971,
        type: 3}
      propertyPath: m_Name
      value: Win
      objectReference: {fileID: 0}
    - target: {fileID: 3007419427417546224, guid: 955c30f69e1dad646bfc76b85c38c971,
        type: 3}
      propertyPath: m_LocalPosition.x
      value: -639
      objectReference: {fileID: 0}
    - target: {fileID: 3007419427417546224, guid: 955c30f69e1dad646bfc76b85c38c971,
        type: 3}
      propertyPath: m_LocalPosition.y
      value: -360
      objectReference: {fileID: 0}
    - target: {fileID: 9212828321040229341, guid: 955c30f69e1dad646bfc76b85c38c971,
        type: 3}
      propertyPath: m_LocalPosition.x
      value: -641
      objectReference: {fileID: 0}
    - target: {fileID: 9212828321040229341, guid: 955c30f69e1dad646bfc76b85c38c971,
        type: 3}
      propertyPath: m_LocalPosition.y
      value: -360
      objectReference: {fileID: 0}
    m_RemovedComponents: []
  m_SourcePrefab: {fileID: 100100000, guid: 955c30f69e1dad646bfc76b85c38c971, type: 3}
--- !u!224 &4290346865350538401 stripped
RectTransform:
  m_CorrespondingSourceObject: {fileID: 2859893104481143474, guid: 955c30f69e1dad646bfc76b85c38c971,
    type: 3}
  m_PrefabInstance: {fileID: 2034006481965022739}
  m_PrefabAsset: {fileID: 0}
--- !u!1001 &4215672725670092820
PrefabInstance:
  m_ObjectHideFlags: 0
  serializedVersion: 2
  m_Modification:
    m_TransformParent: {fileID: 4290346866004898413}
    m_Modifications:
    - target: {fileID: 75237090349315644, guid: 40ef76cebfc34b44d8dff40de97118bf,
        type: 3}
      propertyPath: m_PreserveAspect
      value: 1
      objectReference: {fileID: 0}
    - target: {fileID: 75237090682392408, guid: 40ef76cebfc34b44d8dff40de97118bf,
        type: 3}
      propertyPath: m_Name
      value: Pause
      objectReference: {fileID: 0}
    - target: {fileID: 75237090682392408, guid: 40ef76cebfc34b44d8dff40de97118bf,
        type: 3}
      propertyPath: m_IsActive
      value: 0
      objectReference: {fileID: 0}
    - target: {fileID: 75237090682392409, guid: 40ef76cebfc34b44d8dff40de97118bf,
        type: 3}
      propertyPath: m_Pivot.x
      value: 0.5
      objectReference: {fileID: 0}
    - target: {fileID: 75237090682392409, guid: 40ef76cebfc34b44d8dff40de97118bf,
        type: 3}
      propertyPath: m_Pivot.y
      value: 0.5
      objectReference: {fileID: 0}
    - target: {fileID: 75237090682392409, guid: 40ef76cebfc34b44d8dff40de97118bf,
        type: 3}
      propertyPath: m_RootOrder
      value: 2
      objectReference: {fileID: 0}
    - target: {fileID: 75237090682392409, guid: 40ef76cebfc34b44d8dff40de97118bf,
        type: 3}
      propertyPath: m_AnchorMax.x
      value: 1
      objectReference: {fileID: 0}
    - target: {fileID: 75237090682392409, guid: 40ef76cebfc34b44d8dff40de97118bf,
        type: 3}
      propertyPath: m_AnchorMax.y
      value: 1
      objectReference: {fileID: 0}
    - target: {fileID: 75237090682392409, guid: 40ef76cebfc34b44d8dff40de97118bf,
        type: 3}
      propertyPath: m_AnchorMin.x
      value: 0
      objectReference: {fileID: 0}
    - target: {fileID: 75237090682392409, guid: 40ef76cebfc34b44d8dff40de97118bf,
        type: 3}
      propertyPath: m_AnchorMin.y
      value: 0
      objectReference: {fileID: 0}
    - target: {fileID: 75237090682392409, guid: 40ef76cebfc34b44d8dff40de97118bf,
        type: 3}
      propertyPath: m_SizeDelta.x
      value: 0
      objectReference: {fileID: 0}
    - target: {fileID: 75237090682392409, guid: 40ef76cebfc34b44d8dff40de97118bf,
        type: 3}
      propertyPath: m_SizeDelta.y
      value: 0
      objectReference: {fileID: 0}
    - target: {fileID: 75237090682392409, guid: 40ef76cebfc34b44d8dff40de97118bf,
        type: 3}
      propertyPath: m_LocalPosition.x
      value: 0
      objectReference: {fileID: 0}
    - target: {fileID: 75237090682392409, guid: 40ef76cebfc34b44d8dff40de97118bf,
        type: 3}
      propertyPath: m_LocalPosition.y
      value: 0
      objectReference: {fileID: 0}
    - target: {fileID: 75237090682392409, guid: 40ef76cebfc34b44d8dff40de97118bf,
        type: 3}
      propertyPath: m_LocalPosition.z
      value: 0
      objectReference: {fileID: 0}
    - target: {fileID: 75237090682392409, guid: 40ef76cebfc34b44d8dff40de97118bf,
        type: 3}
      propertyPath: m_LocalRotation.w
      value: 1
      objectReference: {fileID: 0}
    - target: {fileID: 75237090682392409, guid: 40ef76cebfc34b44d8dff40de97118bf,
        type: 3}
      propertyPath: m_LocalRotation.x
      value: 0
      objectReference: {fileID: 0}
    - target: {fileID: 75237090682392409, guid: 40ef76cebfc34b44d8dff40de97118bf,
        type: 3}
      propertyPath: m_LocalRotation.y
      value: 0
      objectReference: {fileID: 0}
    - target: {fileID: 75237090682392409, guid: 40ef76cebfc34b44d8dff40de97118bf,
        type: 3}
      propertyPath: m_LocalRotation.z
      value: 0
      objectReference: {fileID: 0}
    - target: {fileID: 75237090682392409, guid: 40ef76cebfc34b44d8dff40de97118bf,
        type: 3}
      propertyPath: m_AnchoredPosition.x
      value: 0
      objectReference: {fileID: 0}
    - target: {fileID: 75237090682392409, guid: 40ef76cebfc34b44d8dff40de97118bf,
        type: 3}
      propertyPath: m_AnchoredPosition.y
      value: 0
      objectReference: {fileID: 0}
    - target: {fileID: 75237090682392409, guid: 40ef76cebfc34b44d8dff40de97118bf,
        type: 3}
      propertyPath: m_LocalEulerAnglesHint.x
      value: 0
      objectReference: {fileID: 0}
    - target: {fileID: 75237090682392409, guid: 40ef76cebfc34b44d8dff40de97118bf,
        type: 3}
      propertyPath: m_LocalEulerAnglesHint.y
      value: 0
      objectReference: {fileID: 0}
    - target: {fileID: 75237090682392409, guid: 40ef76cebfc34b44d8dff40de97118bf,
        type: 3}
      propertyPath: m_LocalEulerAnglesHint.z
      value: 0
      objectReference: {fileID: 0}
    - target: {fileID: 75237091164785869, guid: 40ef76cebfc34b44d8dff40de97118bf,
        type: 3}
      propertyPath: m_PreserveAspect
      value: 1
      objectReference: {fileID: 0}
    - target: {fileID: 75237091164785871, guid: 40ef76cebfc34b44d8dff40de97118bf,
        type: 3}
      propertyPath: m_SizeDelta.x
      value: -76
      objectReference: {fileID: 0}
    - target: {fileID: 75237091164785871, guid: 40ef76cebfc34b44d8dff40de97118bf,
        type: 3}
      propertyPath: m_AnchoredPosition.x
      value: -38
      objectReference: {fileID: 0}
    m_RemovedComponents: []
  m_SourcePrefab: {fileID: 100100000, guid: 40ef76cebfc34b44d8dff40de97118bf, type: 3}
--- !u!224 &4290346866397196109 stripped
RectTransform:
  m_CorrespondingSourceObject: {fileID: 75237090682392409, guid: 40ef76cebfc34b44d8dff40de97118bf,
    type: 3}
  m_PrefabInstance: {fileID: 4215672725670092820}
  m_PrefabAsset: {fileID: 0}
--- !u!1001 &6823371432419455776
PrefabInstance:
  m_ObjectHideFlags: 0
  serializedVersion: 2
  m_Modification:
    m_TransformParent: {fileID: 4290346866004898413}
    m_Modifications:
    - target: {fileID: 414927642, guid: 30ba751e5361d4148915e3030bff2cc8, type: 3}
      propertyPath: m_PreserveAspect
      value: 1
      objectReference: {fileID: 0}
    - target: {fileID: 634327167, guid: 30ba751e5361d4148915e3030bff2cc8, type: 3}
      propertyPath: m_PreserveAspect
      value: 1
      objectReference: {fileID: 0}
    - target: {fileID: 736743050, guid: 30ba751e5361d4148915e3030bff2cc8, type: 3}
      propertyPath: m_PreserveAspect
      value: 1
      objectReference: {fileID: 0}
    - target: {fileID: 1913535325, guid: 30ba751e5361d4148915e3030bff2cc8, type: 3}
      propertyPath: m_PreserveAspect
      value: 1
      objectReference: {fileID: 0}
    - target: {fileID: 1919453904, guid: 30ba751e5361d4148915e3030bff2cc8, type: 3}
      propertyPath: m_PreserveAspect
      value: 1
      objectReference: {fileID: 0}
    - target: {fileID: 2136886393, guid: 30ba751e5361d4148915e3030bff2cc8, type: 3}
      propertyPath: m_PreserveAspect
      value: 1
      objectReference: {fileID: 0}
    - target: {fileID: 7294463141397962104, guid: 30ba751e5361d4148915e3030bff2cc8,
        type: 3}
      propertyPath: m_Name
      value: Playing
      objectReference: {fileID: 0}
    - target: {fileID: 7294463141397962104, guid: 30ba751e5361d4148915e3030bff2cc8,
        type: 3}
      propertyPath: m_IsActive
      value: 0
      objectReference: {fileID: 0}
    - target: {fileID: 7294463141397962105, guid: 30ba751e5361d4148915e3030bff2cc8,
        type: 3}
      propertyPath: m_Pivot.x
      value: 0.5
      objectReference: {fileID: 0}
    - target: {fileID: 7294463141397962105, guid: 30ba751e5361d4148915e3030bff2cc8,
        type: 3}
      propertyPath: m_Pivot.y
      value: 0.5
      objectReference: {fileID: 0}
    - target: {fileID: 7294463141397962105, guid: 30ba751e5361d4148915e3030bff2cc8,
        type: 3}
      propertyPath: m_RootOrder
      value: 1
      objectReference: {fileID: 0}
    - target: {fileID: 7294463141397962105, guid: 30ba751e5361d4148915e3030bff2cc8,
        type: 3}
      propertyPath: m_AnchorMax.x
      value: 1
      objectReference: {fileID: 0}
    - target: {fileID: 7294463141397962105, guid: 30ba751e5361d4148915e3030bff2cc8,
        type: 3}
      propertyPath: m_AnchorMax.y
      value: 1
      objectReference: {fileID: 0}
    - target: {fileID: 7294463141397962105, guid: 30ba751e5361d4148915e3030bff2cc8,
        type: 3}
      propertyPath: m_AnchorMin.x
      value: 0
      objectReference: {fileID: 0}
    - target: {fileID: 7294463141397962105, guid: 30ba751e5361d4148915e3030bff2cc8,
        type: 3}
      propertyPath: m_AnchorMin.y
      value: 0
      objectReference: {fileID: 0}
    - target: {fileID: 7294463141397962105, guid: 30ba751e5361d4148915e3030bff2cc8,
        type: 3}
      propertyPath: m_SizeDelta.x
      value: 0
      objectReference: {fileID: 0}
    - target: {fileID: 7294463141397962105, guid: 30ba751e5361d4148915e3030bff2cc8,
        type: 3}
      propertyPath: m_SizeDelta.y
      value: 0
      objectReference: {fileID: 0}
    - target: {fileID: 7294463141397962105, guid: 30ba751e5361d4148915e3030bff2cc8,
        type: 3}
      propertyPath: m_LocalPosition.x
      value: 0
      objectReference: {fileID: 0}
    - target: {fileID: 7294463141397962105, guid: 30ba751e5361d4148915e3030bff2cc8,
        type: 3}
      propertyPath: m_LocalPosition.y
      value: 0
      objectReference: {fileID: 0}
    - target: {fileID: 7294463141397962105, guid: 30ba751e5361d4148915e3030bff2cc8,
        type: 3}
      propertyPath: m_LocalPosition.z
      value: 0
      objectReference: {fileID: 0}
    - target: {fileID: 7294463141397962105, guid: 30ba751e5361d4148915e3030bff2cc8,
        type: 3}
      propertyPath: m_LocalRotation.w
      value: 1
      objectReference: {fileID: 0}
    - target: {fileID: 7294463141397962105, guid: 30ba751e5361d4148915e3030bff2cc8,
        type: 3}
      propertyPath: m_LocalRotation.x
      value: 0
      objectReference: {fileID: 0}
    - target: {fileID: 7294463141397962105, guid: 30ba751e5361d4148915e3030bff2cc8,
        type: 3}
      propertyPath: m_LocalRotation.y
      value: 0
      objectReference: {fileID: 0}
    - target: {fileID: 7294463141397962105, guid: 30ba751e5361d4148915e3030bff2cc8,
        type: 3}
      propertyPath: m_LocalRotation.z
      value: 0
      objectReference: {fileID: 0}
    - target: {fileID: 7294463141397962105, guid: 30ba751e5361d4148915e3030bff2cc8,
        type: 3}
      propertyPath: m_AnchoredPosition.x
      value: 0
      objectReference: {fileID: 0}
    - target: {fileID: 7294463141397962105, guid: 30ba751e5361d4148915e3030bff2cc8,
        type: 3}
      propertyPath: m_AnchoredPosition.y
      value: 0
      objectReference: {fileID: 0}
    - target: {fileID: 7294463141397962105, guid: 30ba751e5361d4148915e3030bff2cc8,
        type: 3}
      propertyPath: m_LocalEulerAnglesHint.x
      value: 0
      objectReference: {fileID: 0}
    - target: {fileID: 7294463141397962105, guid: 30ba751e5361d4148915e3030bff2cc8,
        type: 3}
      propertyPath: m_LocalEulerAnglesHint.y
      value: 0
      objectReference: {fileID: 0}
    - target: {fileID: 7294463141397962105, guid: 30ba751e5361d4148915e3030bff2cc8,
        type: 3}
      propertyPath: m_LocalEulerAnglesHint.z
      value: 0
      objectReference: {fileID: 0}
    m_RemovedComponents: []
  m_SourcePrefab: {fileID: 100100000, guid: 30ba751e5361d4148915e3030bff2cc8, type: 3}
--- !u!224 &4290346865441664601 stripped
RectTransform:
  m_CorrespondingSourceObject: {fileID: 7294463141397962105, guid: 30ba751e5361d4148915e3030bff2cc8,
    type: 3}
  m_PrefabInstance: {fileID: 6823371432419455776}
  m_PrefabAsset: {fileID: 0}
--- !u!1001 &6884453179286940096
PrefabInstance:
  m_ObjectHideFlags: 0
  serializedVersion: 2
  m_Modification:
    m_TransformParent: {fileID: 4290346866004898413}
    m_Modifications:
    - target: {fileID: 6884453178282891916, guid: 09c5466520ab8504ea7ca14b6ae1fe21,
        type: 3}
      propertyPath: m_Name
      value: WaintingToStart
      objectReference: {fileID: 0}
    - target: {fileID: 6884453178282891917, guid: 09c5466520ab8504ea7ca14b6ae1fe21,
        type: 3}
      propertyPath: m_Pivot.x
      value: 0.5
      objectReference: {fileID: 0}
    - target: {fileID: 6884453178282891917, guid: 09c5466520ab8504ea7ca14b6ae1fe21,
        type: 3}
      propertyPath: m_Pivot.y
      value: 0.5
      objectReference: {fileID: 0}
    - target: {fileID: 6884453178282891917, guid: 09c5466520ab8504ea7ca14b6ae1fe21,
        type: 3}
      propertyPath: m_RootOrder
      value: 0
      objectReference: {fileID: 0}
    - target: {fileID: 6884453178282891917, guid: 09c5466520ab8504ea7ca14b6ae1fe21,
        type: 3}
      propertyPath: m_AnchorMax.x
      value: 0.5
      objectReference: {fileID: 0}
    - target: {fileID: 6884453178282891917, guid: 09c5466520ab8504ea7ca14b6ae1fe21,
        type: 3}
      propertyPath: m_AnchorMax.y
      value: 0.5
      objectReference: {fileID: 0}
    - target: {fileID: 6884453178282891917, guid: 09c5466520ab8504ea7ca14b6ae1fe21,
        type: 3}
      propertyPath: m_AnchorMin.x
      value: 0.5
      objectReference: {fileID: 0}
    - target: {fileID: 6884453178282891917, guid: 09c5466520ab8504ea7ca14b6ae1fe21,
        type: 3}
      propertyPath: m_AnchorMin.y
      value: 0.5
      objectReference: {fileID: 0}
    - target: {fileID: 6884453178282891917, guid: 09c5466520ab8504ea7ca14b6ae1fe21,
        type: 3}
      propertyPath: m_SizeDelta.x
      value: 100
      objectReference: {fileID: 0}
    - target: {fileID: 6884453178282891917, guid: 09c5466520ab8504ea7ca14b6ae1fe21,
        type: 3}
      propertyPath: m_SizeDelta.y
      value: 100
      objectReference: {fileID: 0}
    - target: {fileID: 6884453178282891917, guid: 09c5466520ab8504ea7ca14b6ae1fe21,
        type: 3}
      propertyPath: m_LocalPosition.x
      value: 0
      objectReference: {fileID: 0}
    - target: {fileID: 6884453178282891917, guid: 09c5466520ab8504ea7ca14b6ae1fe21,
        type: 3}
      propertyPath: m_LocalPosition.y
      value: 0
      objectReference: {fileID: 0}
    - target: {fileID: 6884453178282891917, guid: 09c5466520ab8504ea7ca14b6ae1fe21,
        type: 3}
      propertyPath: m_LocalPosition.z
      value: 0
      objectReference: {fileID: 0}
    - target: {fileID: 6884453178282891917, guid: 09c5466520ab8504ea7ca14b6ae1fe21,
        type: 3}
      propertyPath: m_LocalRotation.w
      value: 1
      objectReference: {fileID: 0}
    - target: {fileID: 6884453178282891917, guid: 09c5466520ab8504ea7ca14b6ae1fe21,
        type: 3}
      propertyPath: m_LocalRotation.x
      value: 0
      objectReference: {fileID: 0}
    - target: {fileID: 6884453178282891917, guid: 09c5466520ab8504ea7ca14b6ae1fe21,
        type: 3}
      propertyPath: m_LocalRotation.y
      value: 0
      objectReference: {fileID: 0}
    - target: {fileID: 6884453178282891917, guid: 09c5466520ab8504ea7ca14b6ae1fe21,
        type: 3}
      propertyPath: m_LocalRotation.z
      value: 0
      objectReference: {fileID: 0}
    - target: {fileID: 6884453178282891917, guid: 09c5466520ab8504ea7ca14b6ae1fe21,
        type: 3}
      propertyPath: m_AnchoredPosition.x
      value: 0
      objectReference: {fileID: 0}
    - target: {fileID: 6884453178282891917, guid: 09c5466520ab8504ea7ca14b6ae1fe21,
        type: 3}
      propertyPath: m_AnchoredPosition.y
      value: 0
      objectReference: {fileID: 0}
    - target: {fileID: 6884453178282891917, guid: 09c5466520ab8504ea7ca14b6ae1fe21,
        type: 3}
      propertyPath: m_LocalEulerAnglesHint.x
      value: 0
      objectReference: {fileID: 0}
    - target: {fileID: 6884453178282891917, guid: 09c5466520ab8504ea7ca14b6ae1fe21,
        type: 3}
      propertyPath: m_LocalEulerAnglesHint.y
      value: 0
      objectReference: {fileID: 0}
    - target: {fileID: 6884453178282891917, guid: 09c5466520ab8504ea7ca14b6ae1fe21,
        type: 3}
      propertyPath: m_LocalEulerAnglesHint.z
      value: 0
      objectReference: {fileID: 0}
    - target: {fileID: 6884453178977987694, guid: 09c5466520ab8504ea7ca14b6ae1fe21,
        type: 3}
      propertyPath: firstText
      value: 
      objectReference: {fileID: 2043073082}
    - target: {fileID: 6884453178977987694, guid: 09c5466520ab8504ea7ca14b6ae1fe21,
        type: 3}
      propertyPath: thirdText
      value: 
      objectReference: {fileID: 82657522}
    m_RemovedComponents:
    - {fileID: 6884453178977987695, guid: 09c5466520ab8504ea7ca14b6ae1fe21, type: 3}
  m_SourcePrefab: {fileID: 100100000, guid: 09c5466520ab8504ea7ca14b6ae1fe21, type: 3}
--- !u!1 &1147712332 stripped
GameObject:
  m_CorrespondingSourceObject: {fileID: 6884453178282891916, guid: 09c5466520ab8504ea7ca14b6ae1fe21,
    type: 3}
  m_PrefabInstance: {fileID: 6884453179286940096}
  m_PrefabAsset: {fileID: 0}
--- !u!224 &1147712333 stripped
RectTransform:
  m_CorrespondingSourceObject: {fileID: 6884453178282891917, guid: 09c5466520ab8504ea7ca14b6ae1fe21,
    type: 3}
  m_PrefabInstance: {fileID: 6884453179286940096}
  m_PrefabAsset: {fileID: 0}
--- !u!114 &82657522 stripped
MonoBehaviour:
  m_CorrespondingSourceObject: {fileID: 6884453179364845874, guid: 09c5466520ab8504ea7ca14b6ae1fe21,
    type: 3}
  m_PrefabInstance: {fileID: 6884453179286940096}
  m_PrefabAsset: {fileID: 0}
  m_GameObject: {fileID: 0}
  m_Enabled: 1
  m_EditorHideFlags: 0
  m_Script: {fileID: 11500000, guid: f4688fdb7df04437aeb418b961361dc5, type: 3}
  m_Name: 
  m_EditorClassIdentifier: 
--- !u!114 &2043073082 stripped
MonoBehaviour:
  m_CorrespondingSourceObject: {fileID: 6884453177571294202, guid: 09c5466520ab8504ea7ca14b6ae1fe21,
    type: 3}
  m_PrefabInstance: {fileID: 6884453179286940096}
  m_PrefabAsset: {fileID: 0}
  m_GameObject: {fileID: 0}
  m_Enabled: 1
  m_EditorHideFlags: 0
  m_Script: {fileID: 11500000, guid: f4688fdb7df04437aeb418b961361dc5, type: 3}
  m_Name: 
  m_EditorClassIdentifier: 
